%YAML 1.1
%TAG !u! tag:unity3d.com,2011:
--- !u!29 &1
OcclusionCullingSettings:
  m_ObjectHideFlags: 0
  serializedVersion: 2
  m_OcclusionBakeSettings:
    smallestOccluder: 5
    smallestHole: 0.25
    backfaceThreshold: 100
  m_SceneGUID: 00000000000000000000000000000000
  m_OcclusionCullingData: {fileID: 0}
--- !u!104 &2
RenderSettings:
  m_ObjectHideFlags: 0
  serializedVersion: 9
  m_Fog: 0
  m_FogColor: {r: 0.5, g: 0.5, b: 0.5, a: 1}
  m_FogMode: 3
  m_FogDensity: 0.01
  m_LinearFogStart: 0
  m_LinearFogEnd: 300
  m_AmbientSkyColor: {r: 0.212, g: 0.227, b: 0.259, a: 1}
  m_AmbientEquatorColor: {r: 0.114, g: 0.125, b: 0.133, a: 1}
  m_AmbientGroundColor: {r: 0.047, g: 0.043, b: 0.035, a: 1}
  m_AmbientIntensity: 0
  m_AmbientMode: 0
  m_SubtractiveShadowColor: {r: 0.42, g: 0.478, b: 0.627, a: 1}
  m_SkyboxMaterial: {fileID: 10304, guid: 0000000000000000f000000000000000, type: 0}
  m_HaloStrength: 0.5
  m_FlareStrength: 1
  m_FlareFadeSpeed: 3
  m_HaloTexture: {fileID: 0}
  m_SpotCookie: {fileID: 10001, guid: 0000000000000000e000000000000000, type: 0}
  m_DefaultReflectionMode: 0
  m_DefaultReflectionResolution: 128
  m_ReflectionBounces: 1
  m_ReflectionIntensity: 1
  m_CustomReflection: {fileID: 0}
  m_Sun: {fileID: 705507994}
  m_IndirectSpecularColor: {r: 0, g: 0, b: 0, a: 1}
  m_UseRadianceAmbientProbe: 0
--- !u!157 &3
LightmapSettings:
  m_ObjectHideFlags: 0
  serializedVersion: 11
  m_GIWorkflowMode: 1
  m_GISettings:
    serializedVersion: 2
    m_BounceScale: 1
    m_IndirectOutputScale: 1
    m_AlbedoBoost: 1
    m_EnvironmentLightingMode: 0
    m_EnableBakedLightmaps: 1
    m_EnableRealtimeLightmaps: 0
  m_LightmapEditorSettings:
    serializedVersion: 12
    m_Resolution: 2
    m_BakeResolution: 40
    m_AtlasSize: 1024
    m_AO: 0
    m_AOMaxDistance: 1
    m_CompAOExponent: 1
    m_CompAOExponentDirect: 0
    m_ExtractAmbientOcclusion: 0
    m_Padding: 2
    m_LightmapParameters: {fileID: 0}
    m_LightmapsBakeMode: 1
    m_TextureCompression: 1
    m_FinalGather: 0
    m_FinalGatherFiltering: 1
    m_FinalGatherRayCount: 256
    m_ReflectionCompression: 2
    m_MixedBakeMode: 2
    m_BakeBackend: 1
    m_PVRSampling: 1
    m_PVRDirectSampleCount: 32
    m_PVRSampleCount: 500
    m_PVRBounces: 2
    m_PVREnvironmentSampleCount: 500
    m_PVREnvironmentReferencePointCount: 2048
    m_PVRFilteringMode: 2
    m_PVRDenoiserTypeDirect: 0
    m_PVRDenoiserTypeIndirect: 0
    m_PVRDenoiserTypeAO: 0
    m_PVRFilterTypeDirect: 0
    m_PVRFilterTypeIndirect: 0
    m_PVRFilterTypeAO: 0
    m_PVREnvironmentMIS: 0
    m_PVRCulling: 1
    m_PVRFilteringGaussRadiusDirect: 1
    m_PVRFilteringGaussRadiusIndirect: 5
    m_PVRFilteringGaussRadiusAO: 2
    m_PVRFilteringAtrousPositionSigmaDirect: 0.5
    m_PVRFilteringAtrousPositionSigmaIndirect: 2
    m_PVRFilteringAtrousPositionSigmaAO: 1
    m_ExportTrainingData: 0
    m_TrainingDataDestination: TrainingData
    m_LightProbeSampleCountMultiplier: 4
  m_LightingDataAsset: {fileID: 0}
  m_UseShadowmask: 1
--- !u!196 &4
NavMeshSettings:
  serializedVersion: 2
  m_ObjectHideFlags: 0
  m_BuildSettings:
    serializedVersion: 2
    agentTypeID: 0
    agentRadius: 0.5
    agentHeight: 2
    agentSlope: 45
    agentClimb: 0.4
    ledgeDropHeight: 0
    maxJumpAcrossDistance: 0
    minRegionArea: 2
    manualCellSize: 0
    cellSize: 0.16666667
    manualTileSize: 0
    tileSize: 256
    accuratePlacement: 0
    debug:
      m_Flags: 0
  m_NavMeshData: {fileID: 0}
--- !u!1 &82755787
GameObject:
  m_ObjectHideFlags: 0
  m_CorrespondingSourceObject: {fileID: 0}
  m_PrefabInstance: {fileID: 0}
  m_PrefabAsset: {fileID: 0}
  serializedVersion: 6
  m_Component:
  - component: {fileID: 82755788}
  m_Layer: 0
  m_Name: Structures
  m_TagString: Untagged
  m_Icon: {fileID: 0}
  m_NavMeshLayer: 0
  m_StaticEditorFlags: 0
  m_IsActive: 1
--- !u!4 &82755788
Transform:
  m_ObjectHideFlags: 0
  m_CorrespondingSourceObject: {fileID: 0}
  m_PrefabInstance: {fileID: 0}
  m_PrefabAsset: {fileID: 0}
  m_GameObject: {fileID: 82755787}
  m_LocalRotation: {x: 0, y: 0, z: 0, w: 1}
  m_LocalPosition: {x: 27.883951, y: -10.855829, z: 46.26555}
  m_LocalScale: {x: 1, y: 1, z: 1}
  m_Children: []
  m_Father: {fileID: 0}
  m_RootOrder: 5
  m_LocalEulerAnglesHint: {x: 0, y: 0, z: 0}
--- !u!1001 &147485340
PrefabInstance:
  m_ObjectHideFlags: 0
  serializedVersion: 2
  m_Modification:
    m_TransformParent: {fileID: 439787450}
    m_Modifications:
    - target: {fileID: 897552738, guid: 36b2f8a4fd0b9ef488b861e35c1ed5af, type: 3}
      propertyPath: m_Text
      value: 3,3
      objectReference: {fileID: 0}
    - target: {fileID: 6147696656284689325, guid: 36b2f8a4fd0b9ef488b861e35c1ed5af,
        type: 3}
      propertyPath: m_LocalPosition.x
      value: 30
      objectReference: {fileID: 0}
    - target: {fileID: 6147696656284689325, guid: 36b2f8a4fd0b9ef488b861e35c1ed5af,
        type: 3}
      propertyPath: m_LocalPosition.y
      value: 0
      objectReference: {fileID: 0}
    - target: {fileID: 6147696656284689325, guid: 36b2f8a4fd0b9ef488b861e35c1ed5af,
        type: 3}
      propertyPath: m_LocalPosition.z
      value: 30
      objectReference: {fileID: 0}
    - target: {fileID: 6147696656284689325, guid: 36b2f8a4fd0b9ef488b861e35c1ed5af,
        type: 3}
      propertyPath: m_LocalRotation.x
      value: -0
      objectReference: {fileID: 0}
    - target: {fileID: 6147696656284689325, guid: 36b2f8a4fd0b9ef488b861e35c1ed5af,
        type: 3}
      propertyPath: m_LocalRotation.y
      value: -0
      objectReference: {fileID: 0}
    - target: {fileID: 6147696656284689325, guid: 36b2f8a4fd0b9ef488b861e35c1ed5af,
        type: 3}
      propertyPath: m_LocalRotation.z
      value: -0
      objectReference: {fileID: 0}
    - target: {fileID: 6147696656284689325, guid: 36b2f8a4fd0b9ef488b861e35c1ed5af,
        type: 3}
      propertyPath: m_LocalRotation.w
      value: 1
      objectReference: {fileID: 0}
    - target: {fileID: 6147696656284689325, guid: 36b2f8a4fd0b9ef488b861e35c1ed5af,
        type: 3}
      propertyPath: m_RootOrder
      value: 14
      objectReference: {fileID: 0}
    - target: {fileID: 6147696656284689325, guid: 36b2f8a4fd0b9ef488b861e35c1ed5af,
        type: 3}
      propertyPath: m_LocalEulerAnglesHint.x
      value: 0
      objectReference: {fileID: 0}
    - target: {fileID: 6147696656284689325, guid: 36b2f8a4fd0b9ef488b861e35c1ed5af,
        type: 3}
      propertyPath: m_LocalEulerAnglesHint.y
      value: 0
      objectReference: {fileID: 0}
    - target: {fileID: 6147696656284689325, guid: 36b2f8a4fd0b9ef488b861e35c1ed5af,
        type: 3}
      propertyPath: m_LocalEulerAnglesHint.z
      value: 0
      objectReference: {fileID: 0}
    - target: {fileID: 7696159077580818062, guid: 36b2f8a4fd0b9ef488b861e35c1ed5af,
        type: 3}
      propertyPath: m_Name
      value: 3,3
      objectReference: {fileID: 0}
    m_RemovedComponents: []
  m_SourcePrefab: {fileID: 100100000, guid: 36b2f8a4fd0b9ef488b861e35c1ed5af, type: 3}
--- !u!4 &167162209 stripped
Transform:
  m_CorrespondingSourceObject: {fileID: 6147696656284689325, guid: 36b2f8a4fd0b9ef488b861e35c1ed5af,
    type: 3}
  m_PrefabInstance: {fileID: 1448679265}
  m_PrefabAsset: {fileID: 0}
--- !u!4 &226304090 stripped
Transform:
  m_CorrespondingSourceObject: {fileID: 6147696656284689325, guid: 36b2f8a4fd0b9ef488b861e35c1ed5af,
    type: 3}
  m_PrefabInstance: {fileID: 766979087}
  m_PrefabAsset: {fileID: 0}
--- !u!4 &313755062 stripped
Transform:
  m_CorrespondingSourceObject: {fileID: 6147696656284689325, guid: 36b2f8a4fd0b9ef488b861e35c1ed5af,
    type: 3}
  m_PrefabInstance: {fileID: 1354338601}
  m_PrefabAsset: {fileID: 0}
--- !u!4 &358332265 stripped
Transform:
  m_CorrespondingSourceObject: {fileID: 6147696656284689325, guid: 36b2f8a4fd0b9ef488b861e35c1ed5af,
    type: 3}
  m_PrefabInstance: {fileID: 1793836822}
  m_PrefabAsset: {fileID: 0}
--- !u!1001 &362848599
PrefabInstance:
  m_ObjectHideFlags: 0
  serializedVersion: 2
  m_Modification:
    m_TransformParent: {fileID: 439787450}
    m_Modifications:
    - target: {fileID: 897552738, guid: 36b2f8a4fd0b9ef488b861e35c1ed5af, type: 3}
      propertyPath: m_Text
      value: 5,1
      objectReference: {fileID: 0}
    - target: {fileID: 6147696656284689325, guid: 36b2f8a4fd0b9ef488b861e35c1ed5af,
        type: 3}
      propertyPath: m_LocalPosition.x
      value: 50
      objectReference: {fileID: 0}
    - target: {fileID: 6147696656284689325, guid: 36b2f8a4fd0b9ef488b861e35c1ed5af,
        type: 3}
      propertyPath: m_LocalPosition.y
      value: 0
      objectReference: {fileID: 0}
    - target: {fileID: 6147696656284689325, guid: 36b2f8a4fd0b9ef488b861e35c1ed5af,
        type: 3}
      propertyPath: m_LocalPosition.z
      value: 10
      objectReference: {fileID: 0}
    - target: {fileID: 6147696656284689325, guid: 36b2f8a4fd0b9ef488b861e35c1ed5af,
        type: 3}
      propertyPath: m_LocalRotation.x
      value: -0
      objectReference: {fileID: 0}
    - target: {fileID: 6147696656284689325, guid: 36b2f8a4fd0b9ef488b861e35c1ed5af,
        type: 3}
      propertyPath: m_LocalRotation.y
      value: -0
      objectReference: {fileID: 0}
    - target: {fileID: 6147696656284689325, guid: 36b2f8a4fd0b9ef488b861e35c1ed5af,
        type: 3}
      propertyPath: m_LocalRotation.z
      value: -0
      objectReference: {fileID: 0}
    - target: {fileID: 6147696656284689325, guid: 36b2f8a4fd0b9ef488b861e35c1ed5af,
        type: 3}
      propertyPath: m_LocalRotation.w
      value: 1
      objectReference: {fileID: 0}
    - target: {fileID: 6147696656284689325, guid: 36b2f8a4fd0b9ef488b861e35c1ed5af,
        type: 3}
      propertyPath: m_RootOrder
      value: 9
      objectReference: {fileID: 0}
    - target: {fileID: 6147696656284689325, guid: 36b2f8a4fd0b9ef488b861e35c1ed5af,
        type: 3}
      propertyPath: m_LocalEulerAnglesHint.x
      value: 0
      objectReference: {fileID: 0}
    - target: {fileID: 6147696656284689325, guid: 36b2f8a4fd0b9ef488b861e35c1ed5af,
        type: 3}
      propertyPath: m_LocalEulerAnglesHint.y
      value: 0
      objectReference: {fileID: 0}
    - target: {fileID: 6147696656284689325, guid: 36b2f8a4fd0b9ef488b861e35c1ed5af,
        type: 3}
      propertyPath: m_LocalEulerAnglesHint.z
      value: 0
      objectReference: {fileID: 0}
    - target: {fileID: 7696159077580818062, guid: 36b2f8a4fd0b9ef488b861e35c1ed5af,
        type: 3}
      propertyPath: m_Name
      value: 5,1
      objectReference: {fileID: 0}
    m_RemovedComponents: []
  m_SourcePrefab: {fileID: 100100000, guid: 36b2f8a4fd0b9ef488b861e35c1ed5af, type: 3}
--- !u!4 &415364066 stripped
Transform:
  m_CorrespondingSourceObject: {fileID: 6147696656284689325, guid: 36b2f8a4fd0b9ef488b861e35c1ed5af,
    type: 3}
  m_PrefabInstance: {fileID: 808052111}
  m_PrefabAsset: {fileID: 0}
--- !u!114 &415364067 stripped
MonoBehaviour:
  m_CorrespondingSourceObject: {fileID: -1592717982023515080, guid: 36b2f8a4fd0b9ef488b861e35c1ed5af,
    type: 3}
  m_PrefabInstance: {fileID: 808052111}
  m_PrefabAsset: {fileID: 0}
  m_GameObject: {fileID: 0}
  m_Enabled: 1
  m_EditorHideFlags: 0
  m_Script: {fileID: 11500000, guid: cdd5568d3b0670442bb4d778a73240c9, type: 3}
  m_Name: 
  m_EditorClassIdentifier: 
--- !u!1 &439787449
GameObject:
  m_ObjectHideFlags: 0
  m_CorrespondingSourceObject: {fileID: 0}
  m_PrefabInstance: {fileID: 0}
  m_PrefabAsset: {fileID: 0}
  serializedVersion: 6
  m_Component:
  - component: {fileID: 439787450}
  m_Layer: 0
  m_Name: Waypoint
  m_TagString: Untagged
  m_Icon: {fileID: 0}
  m_NavMeshLayer: 0
  m_StaticEditorFlags: 0
  m_IsActive: 1
--- !u!4 &439787450
Transform:
  m_ObjectHideFlags: 0
  m_CorrespondingSourceObject: {fileID: 0}
  m_PrefabInstance: {fileID: 0}
  m_PrefabAsset: {fileID: 0}
  m_GameObject: {fileID: 439787449}
  m_LocalRotation: {x: 0, y: 0, z: 0, w: 1}
  m_LocalPosition: {x: 0, y: 0, z: 0}
  m_LocalScale: {x: 1, y: 1, z: 1}
  m_Children:
  - {fileID: 2659001296937753827}
  - {fileID: 1338486451}
  - {fileID: 869429177}
  - {fileID: 1588315151}
  - {fileID: 1175588564}
  - {fileID: 1730520076}
  - {fileID: 691972003}
  - {fileID: 1442496509}
  - {fileID: 1001402607}
  - {fileID: 415364066}
  - {fileID: 167162209}
  - {fileID: 226304090}
  - {fileID: 358332265}
  - {fileID: 1530595025}
  - {fileID: 313755062}
  - {fileID: 1190210192}
  - {fileID: 1334812257}
  - {fileID: 1360429820}
  m_Father: {fileID: 2068593274}
  m_RootOrder: 0
  m_LocalEulerAnglesHint: {x: 0, y: 0, z: 0}
--- !u!1001 &452375995
PrefabInstance:
  m_ObjectHideFlags: 0
  serializedVersion: 2
  m_Modification:
    m_TransformParent: {fileID: 439787450}
    m_Modifications:
    - target: {fileID: 897552738, guid: 36b2f8a4fd0b9ef488b861e35c1ed5af, type: 3}
      propertyPath: m_Text
      value: 1,2
      objectReference: {fileID: 0}
    - target: {fileID: 6147696656284689325, guid: 36b2f8a4fd0b9ef488b861e35c1ed5af,
        type: 3}
      propertyPath: m_LocalPosition.x
      value: 10
      objectReference: {fileID: 0}
    - target: {fileID: 6147696656284689325, guid: 36b2f8a4fd0b9ef488b861e35c1ed5af,
        type: 3}
      propertyPath: m_LocalPosition.y
      value: 0
      objectReference: {fileID: 0}
    - target: {fileID: 6147696656284689325, guid: 36b2f8a4fd0b9ef488b861e35c1ed5af,
        type: 3}
      propertyPath: m_LocalPosition.z
      value: 20
      objectReference: {fileID: 0}
    - target: {fileID: 6147696656284689325, guid: 36b2f8a4fd0b9ef488b861e35c1ed5af,
        type: 3}
      propertyPath: m_LocalRotation.x
      value: -0
      objectReference: {fileID: 0}
    - target: {fileID: 6147696656284689325, guid: 36b2f8a4fd0b9ef488b861e35c1ed5af,
        type: 3}
      propertyPath: m_LocalRotation.y
      value: -0
      objectReference: {fileID: 0}
    - target: {fileID: 6147696656284689325, guid: 36b2f8a4fd0b9ef488b861e35c1ed5af,
        type: 3}
      propertyPath: m_LocalRotation.z
      value: -0
      objectReference: {fileID: 0}
    - target: {fileID: 6147696656284689325, guid: 36b2f8a4fd0b9ef488b861e35c1ed5af,
        type: 3}
      propertyPath: m_LocalRotation.w
      value: 1
      objectReference: {fileID: 0}
    - target: {fileID: 6147696656284689325, guid: 36b2f8a4fd0b9ef488b861e35c1ed5af,
        type: 3}
      propertyPath: m_RootOrder
      value: 3
      objectReference: {fileID: 0}
    - target: {fileID: 6147696656284689325, guid: 36b2f8a4fd0b9ef488b861e35c1ed5af,
        type: 3}
      propertyPath: m_LocalEulerAnglesHint.x
      value: 0
      objectReference: {fileID: 0}
    - target: {fileID: 6147696656284689325, guid: 36b2f8a4fd0b9ef488b861e35c1ed5af,
        type: 3}
      propertyPath: m_LocalEulerAnglesHint.y
      value: 0
      objectReference: {fileID: 0}
    - target: {fileID: 6147696656284689325, guid: 36b2f8a4fd0b9ef488b861e35c1ed5af,
        type: 3}
      propertyPath: m_LocalEulerAnglesHint.z
      value: 0
      objectReference: {fileID: 0}
    - target: {fileID: 7696159077580818062, guid: 36b2f8a4fd0b9ef488b861e35c1ed5af,
        type: 3}
      propertyPath: m_Name
      value: 1,2
      objectReference: {fileID: 0}
    m_RemovedComponents: []
  m_SourcePrefab: {fileID: 100100000, guid: 36b2f8a4fd0b9ef488b861e35c1ed5af, type: 3}
--- !u!1 &601772975
GameObject:
  m_ObjectHideFlags: 0
  m_CorrespondingSourceObject: {fileID: 0}
  m_PrefabInstance: {fileID: 0}
  m_PrefabAsset: {fileID: 0}
  serializedVersion: 6
  m_Component:
  - component: {fileID: 601772977}
  - component: {fileID: 601772976}
  - component: {fileID: 601772978}
  m_Layer: 0
  m_Name: EnemySpawner
  m_TagString: Untagged
  m_Icon: {fileID: 0}
  m_NavMeshLayer: 0
  m_StaticEditorFlags: 0
  m_IsActive: 1
--- !u!114 &601772976
MonoBehaviour:
  m_ObjectHideFlags: 0
  m_CorrespondingSourceObject: {fileID: 0}
  m_PrefabInstance: {fileID: 0}
  m_PrefabAsset: {fileID: 0}
  m_GameObject: {fileID: 601772975}
  m_Enabled: 1
  m_EditorHideFlags: 0
  m_Script: {fileID: 11500000, guid: d6a91888d808e1e44ac5f4a90e25a8eb, type: 3}
  m_Name: 
  m_EditorClassIdentifier: 
  secondsBetweenSpawn: 3
  enemy: {fileID: 114078703179129330, guid: 04f81ff9814844ccfa08226f8d46a3f4, type: 3}
  enemyParentTransform: {fileID: 601772977}
  enemySpawnAmount: {fileID: 1902572584}
  enemySpawnAudio: {fileID: 8300000, guid: c648a48a617ae9d40ab78a7b781b316c, type: 3}
--- !u!4 &601772977
Transform:
  m_ObjectHideFlags: 0
  m_CorrespondingSourceObject: {fileID: 0}
  m_PrefabInstance: {fileID: 0}
  m_PrefabAsset: {fileID: 0}
  m_GameObject: {fileID: 601772975}
  m_LocalRotation: {x: 0, y: 0, z: 0, w: 1}
  m_LocalPosition: {x: 0, y: 0, z: 0}
  m_LocalScale: {x: 1, y: 1, z: 1}
  m_Children: []
  m_Father: {fileID: 0}
  m_RootOrder: 6
  m_LocalEulerAnglesHint: {x: 0, y: 0, z: 0}
--- !u!82 &601772978
AudioSource:
  m_ObjectHideFlags: 0
  m_CorrespondingSourceObject: {fileID: 0}
  m_PrefabInstance: {fileID: 0}
  m_PrefabAsset: {fileID: 0}
  m_GameObject: {fileID: 601772975}
  m_Enabled: 1
  serializedVersion: 4
  OutputAudioMixerGroup: {fileID: 0}
  m_audioClip: {fileID: 0}
  m_PlayOnAwake: 1
  m_Volume: 1
  m_Pitch: 1
  Loop: 0
  Mute: 0
  Spatialize: 0
  SpatializePostEffects: 0
  Priority: 128
  DopplerLevel: 1
  MinDistance: 1
  MaxDistance: 500
  Pan2D: 0
  rolloffMode: 0
  BypassEffects: 0
  BypassListenerEffects: 0
  BypassReverbZones: 0
  rolloffCustomCurve:
    serializedVersion: 2
    m_Curve:
    - serializedVersion: 3
      time: 0
      value: 1
      inSlope: 0
      outSlope: 0
      tangentMode: 0
      weightedMode: 0
      inWeight: 0.33333334
      outWeight: 0.33333334
    - serializedVersion: 3
      time: 1
      value: 0
      inSlope: 0
      outSlope: 0
      tangentMode: 0
      weightedMode: 0
      inWeight: 0.33333334
      outWeight: 0.33333334
    m_PreInfinity: 2
    m_PostInfinity: 2
    m_RotationOrder: 4
  panLevelCustomCurve:
    serializedVersion: 2
    m_Curve:
    - serializedVersion: 3
      time: 0
      value: 0
      inSlope: 0
      outSlope: 0
      tangentMode: 0
      weightedMode: 0
      inWeight: 0.33333334
      outWeight: 0.33333334
    m_PreInfinity: 2
    m_PostInfinity: 2
    m_RotationOrder: 4
  spreadCustomCurve:
    serializedVersion: 2
    m_Curve:
    - serializedVersion: 3
      time: 0
      value: 0
      inSlope: 0
      outSlope: 0
      tangentMode: 0
      weightedMode: 0
      inWeight: 0.33333334
      outWeight: 0.33333334
    m_PreInfinity: 2
    m_PostInfinity: 2
    m_RotationOrder: 4
  reverbZoneMixCustomCurve:
    serializedVersion: 2
    m_Curve:
    - serializedVersion: 3
      time: 0
      value: 1
      inSlope: 0
      outSlope: 0
      tangentMode: 0
      weightedMode: 0
      inWeight: 0.33333334
      outWeight: 0.33333334
    m_PreInfinity: 2
    m_PostInfinity: 2
    m_RotationOrder: 4
--- !u!1001 &671384879
PrefabInstance:
  m_ObjectHideFlags: 0
  serializedVersion: 2
  m_Modification:
    m_TransformParent: {fileID: 439787450}
    m_Modifications:
    - target: {fileID: 897552738, guid: 36b2f8a4fd0b9ef488b861e35c1ed5af, type: 3}
      propertyPath: m_Text
      value: 3,1
      objectReference: {fileID: 0}
    - target: {fileID: 6147696656284689325, guid: 36b2f8a4fd0b9ef488b861e35c1ed5af,
        type: 3}
      propertyPath: m_LocalPosition.x
      value: 30
      objectReference: {fileID: 0}
    - target: {fileID: 6147696656284689325, guid: 36b2f8a4fd0b9ef488b861e35c1ed5af,
        type: 3}
      propertyPath: m_LocalPosition.y
      value: 0
      objectReference: {fileID: 0}
    - target: {fileID: 6147696656284689325, guid: 36b2f8a4fd0b9ef488b861e35c1ed5af,
        type: 3}
      propertyPath: m_LocalPosition.z
      value: 10
      objectReference: {fileID: 0}
    - target: {fileID: 6147696656284689325, guid: 36b2f8a4fd0b9ef488b861e35c1ed5af,
        type: 3}
      propertyPath: m_LocalRotation.x
      value: -0
      objectReference: {fileID: 0}
    - target: {fileID: 6147696656284689325, guid: 36b2f8a4fd0b9ef488b861e35c1ed5af,
        type: 3}
      propertyPath: m_LocalRotation.y
      value: -0
      objectReference: {fileID: 0}
    - target: {fileID: 6147696656284689325, guid: 36b2f8a4fd0b9ef488b861e35c1ed5af,
        type: 3}
      propertyPath: m_LocalRotation.z
      value: -0
      objectReference: {fileID: 0}
    - target: {fileID: 6147696656284689325, guid: 36b2f8a4fd0b9ef488b861e35c1ed5af,
        type: 3}
      propertyPath: m_LocalRotation.w
      value: 1
      objectReference: {fileID: 0}
    - target: {fileID: 6147696656284689325, guid: 36b2f8a4fd0b9ef488b861e35c1ed5af,
        type: 3}
      propertyPath: m_RootOrder
      value: 17
      objectReference: {fileID: 0}
    - target: {fileID: 6147696656284689325, guid: 36b2f8a4fd0b9ef488b861e35c1ed5af,
        type: 3}
      propertyPath: m_LocalEulerAnglesHint.x
      value: 0
      objectReference: {fileID: 0}
    - target: {fileID: 6147696656284689325, guid: 36b2f8a4fd0b9ef488b861e35c1ed5af,
        type: 3}
      propertyPath: m_LocalEulerAnglesHint.y
      value: 0
      objectReference: {fileID: 0}
    - target: {fileID: 6147696656284689325, guid: 36b2f8a4fd0b9ef488b861e35c1ed5af,
        type: 3}
      propertyPath: m_LocalEulerAnglesHint.z
      value: 0
      objectReference: {fileID: 0}
    - target: {fileID: 7696159077580818062, guid: 36b2f8a4fd0b9ef488b861e35c1ed5af,
        type: 3}
      propertyPath: m_Name
      value: 3,1
      objectReference: {fileID: 0}
    m_RemovedComponents: []
  m_SourcePrefab: {fileID: 100100000, guid: 36b2f8a4fd0b9ef488b861e35c1ed5af, type: 3}
--- !u!4 &691972003 stripped
Transform:
  m_CorrespondingSourceObject: {fileID: 6147696656284689325, guid: 36b2f8a4fd0b9ef488b861e35c1ed5af,
    type: 3}
  m_PrefabInstance: {fileID: 2062062825}
  m_PrefabAsset: {fileID: 0}
--- !u!1 &705507993
GameObject:
  m_ObjectHideFlags: 0
  m_CorrespondingSourceObject: {fileID: 0}
  m_PrefabInstance: {fileID: 0}
  m_PrefabAsset: {fileID: 0}
  serializedVersion: 6
  m_Component:
  - component: {fileID: 705507995}
  - component: {fileID: 705507994}
  m_Layer: 0
  m_Name: Directional Light
  m_TagString: Untagged
  m_Icon: {fileID: 0}
  m_NavMeshLayer: 0
  m_StaticEditorFlags: 0
  m_IsActive: 1
--- !u!108 &705507994
Light:
  m_ObjectHideFlags: 0
  m_CorrespondingSourceObject: {fileID: 0}
  m_PrefabInstance: {fileID: 0}
  m_PrefabAsset: {fileID: 0}
  m_GameObject: {fileID: 705507993}
  m_Enabled: 1
  serializedVersion: 10
  m_Type: 1
  m_Shape: 0
  m_Color: {r: 1, g: 0.95686275, b: 0.8392157, a: 1}
  m_Intensity: 1
  m_Range: 10
  m_SpotAngle: 30
  m_InnerSpotAngle: 21.80208
  m_CookieSize: 10
  m_Shadows:
    m_Type: 2
    m_Resolution: -1
    m_CustomResolution: -1
    m_Strength: 1
    m_Bias: 0.05
    m_NormalBias: 0.4
    m_NearPlane: 0.2
    m_CullingMatrixOverride:
      e00: 1
      e01: 0
      e02: 0
      e03: 0
      e10: 0
      e11: 1
      e12: 0
      e13: 0
      e20: 0
      e21: 0
      e22: 1
      e23: 0
      e30: 0
      e31: 0
      e32: 0
      e33: 1
    m_UseCullingMatrixOverride: 0
  m_Cookie: {fileID: 0}
  m_DrawHalo: 0
  m_Flare: {fileID: 0}
  m_RenderMode: 0
  m_CullingMask:
    serializedVersion: 2
    m_Bits: 4294967295
  m_RenderingLayerMask: 1
  m_Lightmapping: 1
  m_LightShadowCasterMode: 0
  m_AreaSize: {x: 1, y: 1}
  m_BounceIntensity: 1
  m_ColorTemperature: 6570
  m_UseColorTemperature: 0
  m_BoundingSphereOverride: {x: 0, y: 0, z: 0, w: 0}
  m_UseBoundingSphereOverride: 0
  m_ShadowRadius: 0
  m_ShadowAngle: 0
--- !u!4 &705507995
Transform:
  m_ObjectHideFlags: 0
  m_CorrespondingSourceObject: {fileID: 0}
  m_PrefabInstance: {fileID: 0}
  m_PrefabAsset: {fileID: 0}
  m_GameObject: {fileID: 705507993}
  m_LocalRotation: {x: 0.40821788, y: -0.23456968, z: 0.10938163, w: 0.8754261}
  m_LocalPosition: {x: 0, y: 3, z: 0}
  m_LocalScale: {x: 1, y: 1, z: 1}
  m_Children: []
  m_Father: {fileID: 0}
  m_RootOrder: 2
  m_LocalEulerAnglesHint: {x: 50, y: -30, z: 0}
--- !u!1001 &766979087
PrefabInstance:
  m_ObjectHideFlags: 0
  serializedVersion: 2
  m_Modification:
    m_TransformParent: {fileID: 439787450}
    m_Modifications:
    - target: {fileID: 897552738, guid: 36b2f8a4fd0b9ef488b861e35c1ed5af, type: 3}
      propertyPath: m_Text
      value: 6,1
      objectReference: {fileID: 0}
    - target: {fileID: 6147696656284689325, guid: 36b2f8a4fd0b9ef488b861e35c1ed5af,
        type: 3}
      propertyPath: m_LocalPosition.x
      value: 60
      objectReference: {fileID: 0}
    - target: {fileID: 6147696656284689325, guid: 36b2f8a4fd0b9ef488b861e35c1ed5af,
        type: 3}
      propertyPath: m_LocalPosition.y
      value: 0
      objectReference: {fileID: 0}
    - target: {fileID: 6147696656284689325, guid: 36b2f8a4fd0b9ef488b861e35c1ed5af,
        type: 3}
      propertyPath: m_LocalPosition.z
      value: 10
      objectReference: {fileID: 0}
    - target: {fileID: 6147696656284689325, guid: 36b2f8a4fd0b9ef488b861e35c1ed5af,
        type: 3}
      propertyPath: m_LocalRotation.x
      value: -0
      objectReference: {fileID: 0}
    - target: {fileID: 6147696656284689325, guid: 36b2f8a4fd0b9ef488b861e35c1ed5af,
        type: 3}
      propertyPath: m_LocalRotation.y
      value: -0
      objectReference: {fileID: 0}
    - target: {fileID: 6147696656284689325, guid: 36b2f8a4fd0b9ef488b861e35c1ed5af,
        type: 3}
      propertyPath: m_LocalRotation.z
      value: -0
      objectReference: {fileID: 0}
    - target: {fileID: 6147696656284689325, guid: 36b2f8a4fd0b9ef488b861e35c1ed5af,
        type: 3}
      propertyPath: m_LocalRotation.w
      value: 1
      objectReference: {fileID: 0}
    - target: {fileID: 6147696656284689325, guid: 36b2f8a4fd0b9ef488b861e35c1ed5af,
        type: 3}
      propertyPath: m_RootOrder
      value: 12
      objectReference: {fileID: 0}
    - target: {fileID: 6147696656284689325, guid: 36b2f8a4fd0b9ef488b861e35c1ed5af,
        type: 3}
      propertyPath: m_LocalEulerAnglesHint.x
      value: 0
      objectReference: {fileID: 0}
    - target: {fileID: 6147696656284689325, guid: 36b2f8a4fd0b9ef488b861e35c1ed5af,
        type: 3}
      propertyPath: m_LocalEulerAnglesHint.y
      value: 0
      objectReference: {fileID: 0}
    - target: {fileID: 6147696656284689325, guid: 36b2f8a4fd0b9ef488b861e35c1ed5af,
        type: 3}
      propertyPath: m_LocalEulerAnglesHint.z
      value: 0
      objectReference: {fileID: 0}
    - target: {fileID: 7696159077580818062, guid: 36b2f8a4fd0b9ef488b861e35c1ed5af,
        type: 3}
      propertyPath: m_Name
      value: 6,1
      objectReference: {fileID: 0}
    m_RemovedComponents: []
  m_SourcePrefab: {fileID: 100100000, guid: 36b2f8a4fd0b9ef488b861e35c1ed5af, type: 3}
--- !u!1001 &808052111
PrefabInstance:
  m_ObjectHideFlags: 0
  serializedVersion: 2
  m_Modification:
    m_TransformParent: {fileID: 439787450}
    m_Modifications:
    - target: {fileID: 897552738, guid: 36b2f8a4fd0b9ef488b861e35c1ed5af, type: 3}
      propertyPath: m_Text
      value: 5,2
      objectReference: {fileID: 0}
    - target: {fileID: 6147696656284689325, guid: 36b2f8a4fd0b9ef488b861e35c1ed5af,
        type: 3}
      propertyPath: m_LocalPosition.x
      value: 50
      objectReference: {fileID: 0}
    - target: {fileID: 6147696656284689325, guid: 36b2f8a4fd0b9ef488b861e35c1ed5af,
        type: 3}
      propertyPath: m_LocalPosition.y
      value: 0
      objectReference: {fileID: 0}
    - target: {fileID: 6147696656284689325, guid: 36b2f8a4fd0b9ef488b861e35c1ed5af,
        type: 3}
      propertyPath: m_LocalPosition.z
      value: 20
      objectReference: {fileID: 0}
    - target: {fileID: 6147696656284689325, guid: 36b2f8a4fd0b9ef488b861e35c1ed5af,
        type: 3}
      propertyPath: m_LocalRotation.x
      value: -0
      objectReference: {fileID: 0}
    - target: {fileID: 6147696656284689325, guid: 36b2f8a4fd0b9ef488b861e35c1ed5af,
        type: 3}
      propertyPath: m_LocalRotation.y
      value: -0
      objectReference: {fileID: 0}
    - target: {fileID: 6147696656284689325, guid: 36b2f8a4fd0b9ef488b861e35c1ed5af,
        type: 3}
      propertyPath: m_LocalRotation.z
      value: -0
      objectReference: {fileID: 0}
    - target: {fileID: 6147696656284689325, guid: 36b2f8a4fd0b9ef488b861e35c1ed5af,
        type: 3}
      propertyPath: m_LocalRotation.w
      value: 1
      objectReference: {fileID: 0}
    - target: {fileID: 6147696656284689325, guid: 36b2f8a4fd0b9ef488b861e35c1ed5af,
        type: 3}
      propertyPath: m_RootOrder
      value: 10
      objectReference: {fileID: 0}
    - target: {fileID: 6147696656284689325, guid: 36b2f8a4fd0b9ef488b861e35c1ed5af,
        type: 3}
      propertyPath: m_LocalEulerAnglesHint.x
      value: 0
      objectReference: {fileID: 0}
    - target: {fileID: 6147696656284689325, guid: 36b2f8a4fd0b9ef488b861e35c1ed5af,
        type: 3}
      propertyPath: m_LocalEulerAnglesHint.y
      value: 0
      objectReference: {fileID: 0}
    - target: {fileID: 6147696656284689325, guid: 36b2f8a4fd0b9ef488b861e35c1ed5af,
        type: 3}
      propertyPath: m_LocalEulerAnglesHint.z
      value: 0
      objectReference: {fileID: 0}
    - target: {fileID: 7696159077580818062, guid: 36b2f8a4fd0b9ef488b861e35c1ed5af,
        type: 3}
      propertyPath: m_Name
      value: 5,2
      objectReference: {fileID: 0}
    m_RemovedComponents: []
  m_SourcePrefab: {fileID: 100100000, guid: 36b2f8a4fd0b9ef488b861e35c1ed5af, type: 3}
--- !u!4 &869429177 stripped
Transform:
  m_CorrespondingSourceObject: {fileID: 6147696656284689325, guid: 36b2f8a4fd0b9ef488b861e35c1ed5af,
    type: 3}
  m_PrefabInstance: {fileID: 947392841}
  m_PrefabAsset: {fileID: 0}
--- !u!1001 &939214906
PrefabInstance:
  m_ObjectHideFlags: 0
  serializedVersion: 2
  m_Modification:
    m_TransformParent: {fileID: 0}
    m_Modifications:
    - target: {fileID: 100000, guid: 31b2c1948ecd3cb499128af0419779ae, type: 3}
      propertyPath: m_Name
      value: Friendly Base
      objectReference: {fileID: 0}
    - target: {fileID: 400000, guid: 31b2c1948ecd3cb499128af0419779ae, type: 3}
      propertyPath: m_LocalPosition.x
      value: 57.2
      objectReference: {fileID: 0}
    - target: {fileID: 400000, guid: 31b2c1948ecd3cb499128af0419779ae, type: 3}
      propertyPath: m_LocalPosition.y
      value: 0
      objectReference: {fileID: 0}
    - target: {fileID: 400000, guid: 31b2c1948ecd3cb499128af0419779ae, type: 3}
      propertyPath: m_LocalPosition.z
      value: 30.6
      objectReference: {fileID: 0}
    - target: {fileID: 400000, guid: 31b2c1948ecd3cb499128af0419779ae, type: 3}
      propertyPath: m_LocalRotation.x
      value: 0
      objectReference: {fileID: 0}
    - target: {fileID: 400000, guid: 31b2c1948ecd3cb499128af0419779ae, type: 3}
      propertyPath: m_LocalRotation.y
      value: 0.7071068
      objectReference: {fileID: 0}
    - target: {fileID: 400000, guid: 31b2c1948ecd3cb499128af0419779ae, type: 3}
      propertyPath: m_LocalRotation.z
      value: 0
      objectReference: {fileID: 0}
    - target: {fileID: 400000, guid: 31b2c1948ecd3cb499128af0419779ae, type: 3}
      propertyPath: m_LocalRotation.w
      value: 0.7071068
      objectReference: {fileID: 0}
    - target: {fileID: 400000, guid: 31b2c1948ecd3cb499128af0419779ae, type: 3}
      propertyPath: m_RootOrder
      value: 1
      objectReference: {fileID: 0}
    - target: {fileID: 400000, guid: 31b2c1948ecd3cb499128af0419779ae, type: 3}
      propertyPath: m_LocalEulerAnglesHint.x
      value: 0
      objectReference: {fileID: 0}
    - target: {fileID: 400000, guid: 31b2c1948ecd3cb499128af0419779ae, type: 3}
      propertyPath: m_LocalEulerAnglesHint.y
      value: 90
      objectReference: {fileID: 0}
    - target: {fileID: 400000, guid: 31b2c1948ecd3cb499128af0419779ae, type: 3}
      propertyPath: m_LocalEulerAnglesHint.z
      value: 0
      objectReference: {fileID: 0}
    - target: {fileID: 400000, guid: 31b2c1948ecd3cb499128af0419779ae, type: 3}
      propertyPath: m_LocalScale.x
      value: 0.5
      objectReference: {fileID: 0}
    - target: {fileID: 400000, guid: 31b2c1948ecd3cb499128af0419779ae, type: 3}
      propertyPath: m_LocalScale.y
      value: 0.5
      objectReference: {fileID: 0}
    - target: {fileID: 400000, guid: 31b2c1948ecd3cb499128af0419779ae, type: 3}
      propertyPath: m_LocalScale.z
      value: 0.5
      objectReference: {fileID: 0}
    m_RemovedComponents: []
  m_SourcePrefab: {fileID: 100100000, guid: 31b2c1948ecd3cb499128af0419779ae, type: 3}
--- !u!1001 &947392841
PrefabInstance:
  m_ObjectHideFlags: 0
  serializedVersion: 2
  m_Modification:
    m_TransformParent: {fileID: 439787450}
    m_Modifications:
    - target: {fileID: 897552738, guid: 36b2f8a4fd0b9ef488b861e35c1ed5af, type: 3}
      propertyPath: m_Text
      value: 1,1
      objectReference: {fileID: 0}
    - target: {fileID: 6147696656284689325, guid: 36b2f8a4fd0b9ef488b861e35c1ed5af,
        type: 3}
      propertyPath: m_LocalPosition.x
      value: 10
      objectReference: {fileID: 0}
    - target: {fileID: 6147696656284689325, guid: 36b2f8a4fd0b9ef488b861e35c1ed5af,
        type: 3}
      propertyPath: m_LocalPosition.y
      value: 0
      objectReference: {fileID: 0}
    - target: {fileID: 6147696656284689325, guid: 36b2f8a4fd0b9ef488b861e35c1ed5af,
        type: 3}
      propertyPath: m_LocalPosition.z
      value: 10
      objectReference: {fileID: 0}
    - target: {fileID: 6147696656284689325, guid: 36b2f8a4fd0b9ef488b861e35c1ed5af,
        type: 3}
      propertyPath: m_LocalRotation.x
      value: -0
      objectReference: {fileID: 0}
    - target: {fileID: 6147696656284689325, guid: 36b2f8a4fd0b9ef488b861e35c1ed5af,
        type: 3}
      propertyPath: m_LocalRotation.y
      value: -0
      objectReference: {fileID: 0}
    - target: {fileID: 6147696656284689325, guid: 36b2f8a4fd0b9ef488b861e35c1ed5af,
        type: 3}
      propertyPath: m_LocalRotation.z
      value: -0
      objectReference: {fileID: 0}
    - target: {fileID: 6147696656284689325, guid: 36b2f8a4fd0b9ef488b861e35c1ed5af,
        type: 3}
      propertyPath: m_LocalRotation.w
      value: 1
      objectReference: {fileID: 0}
    - target: {fileID: 6147696656284689325, guid: 36b2f8a4fd0b9ef488b861e35c1ed5af,
        type: 3}
      propertyPath: m_RootOrder
      value: 2
      objectReference: {fileID: 0}
    - target: {fileID: 6147696656284689325, guid: 36b2f8a4fd0b9ef488b861e35c1ed5af,
        type: 3}
      propertyPath: m_LocalEulerAnglesHint.x
      value: 0
      objectReference: {fileID: 0}
    - target: {fileID: 6147696656284689325, guid: 36b2f8a4fd0b9ef488b861e35c1ed5af,
        type: 3}
      propertyPath: m_LocalEulerAnglesHint.y
      value: 0
      objectReference: {fileID: 0}
    - target: {fileID: 6147696656284689325, guid: 36b2f8a4fd0b9ef488b861e35c1ed5af,
        type: 3}
      propertyPath: m_LocalEulerAnglesHint.z
      value: 0
      objectReference: {fileID: 0}
    - target: {fileID: 7696159077580818062, guid: 36b2f8a4fd0b9ef488b861e35c1ed5af,
        type: 3}
      propertyPath: m_Name
      value: 1,1
      objectReference: {fileID: 0}
    m_RemovedComponents: []
  m_SourcePrefab: {fileID: 100100000, guid: 36b2f8a4fd0b9ef488b861e35c1ed5af, type: 3}
--- !u!1 &953981624
GameObject:
  m_ObjectHideFlags: 0
  m_CorrespondingSourceObject: {fileID: 0}
  m_PrefabInstance: {fileID: 0}
  m_PrefabAsset: {fileID: 0}
  serializedVersion: 6
  m_Component:
  - component: {fileID: 953981628}
  - component: {fileID: 953981627}
  - component: {fileID: 953981626}
  - component: {fileID: 953981625}
  m_Layer: 5
  m_Name: Canvas
  m_TagString: Untagged
  m_Icon: {fileID: 0}
  m_NavMeshLayer: 0
  m_StaticEditorFlags: 0
  m_IsActive: 1
--- !u!114 &953981625
MonoBehaviour:
  m_ObjectHideFlags: 0
  m_CorrespondingSourceObject: {fileID: 0}
  m_PrefabInstance: {fileID: 0}
  m_PrefabAsset: {fileID: 0}
  m_GameObject: {fileID: 953981624}
  m_Enabled: 1
  m_EditorHideFlags: 0
  m_Script: {fileID: 11500000, guid: dc42784cf147c0c48a680349fa168899, type: 3}
  m_Name: 
  m_EditorClassIdentifier: 
  m_IgnoreReversedGraphics: 1
  m_BlockingObjects: 0
  m_BlockingMask:
    serializedVersion: 2
    m_Bits: 4294967295
--- !u!114 &953981626
MonoBehaviour:
  m_ObjectHideFlags: 0
  m_CorrespondingSourceObject: {fileID: 0}
  m_PrefabInstance: {fileID: 0}
  m_PrefabAsset: {fileID: 0}
  m_GameObject: {fileID: 953981624}
  m_Enabled: 1
  m_EditorHideFlags: 0
  m_Script: {fileID: 11500000, guid: 0cd44c1031e13a943bb63640046fad76, type: 3}
  m_Name: 
  m_EditorClassIdentifier: 
  m_UiScaleMode: 0
  m_ReferencePixelsPerUnit: 100
  m_ScaleFactor: 1
  m_ReferenceResolution: {x: 800, y: 600}
  m_ScreenMatchMode: 0
  m_MatchWidthOrHeight: 0
  m_PhysicalUnit: 3
  m_FallbackScreenDPI: 96
  m_DefaultSpriteDPI: 96
  m_DynamicPixelsPerUnit: 1
--- !u!223 &953981627
Canvas:
  m_ObjectHideFlags: 0
  m_CorrespondingSourceObject: {fileID: 0}
  m_PrefabInstance: {fileID: 0}
  m_PrefabAsset: {fileID: 0}
  m_GameObject: {fileID: 953981624}
  m_Enabled: 1
  serializedVersion: 3
  m_RenderMode: 0
  m_Camera: {fileID: 0}
  m_PlaneDistance: 100
  m_PixelPerfect: 0
  m_ReceivesEvents: 1
  m_OverrideSorting: 0
  m_OverridePixelPerfect: 0
  m_SortingBucketNormalizedSize: 0
  m_AdditionalShaderChannelsFlag: 0
  m_SortingLayerID: 0
  m_SortingOrder: 0
  m_TargetDisplay: 0
--- !u!224 &953981628
RectTransform:
  m_ObjectHideFlags: 0
  m_CorrespondingSourceObject: {fileID: 0}
  m_PrefabInstance: {fileID: 0}
  m_PrefabAsset: {fileID: 0}
  m_GameObject: {fileID: 953981624}
  m_LocalRotation: {x: 0, y: 0, z: 0, w: 1}
  m_LocalPosition: {x: 0, y: 0, z: 0}
  m_LocalScale: {x: 0, y: 0, z: 0}
  m_Children:
  - {fileID: 1896159031}
  - {fileID: 1902572583}
  m_Father: {fileID: 0}
  m_RootOrder: 7
  m_LocalEulerAnglesHint: {x: 0, y: 0, z: 0}
  m_AnchorMin: {x: 0, y: 0}
  m_AnchorMax: {x: 0, y: 0}
  m_AnchoredPosition: {x: 0, y: 0}
  m_SizeDelta: {x: 0, y: 0}
  m_Pivot: {x: 0, y: 0}
--- !u!1 &963194225
GameObject:
  m_ObjectHideFlags: 0
  m_CorrespondingSourceObject: {fileID: 0}
  m_PrefabInstance: {fileID: 0}
  m_PrefabAsset: {fileID: 0}
  serializedVersion: 6
  m_Component:
  - component: {fileID: 963194228}
  - component: {fileID: 963194227}
  - component: {fileID: 963194226}
  m_Layer: 0
  m_Name: Main Camera
  m_TagString: MainCamera
  m_Icon: {fileID: 0}
  m_NavMeshLayer: 0
  m_StaticEditorFlags: 0
  m_IsActive: 1
--- !u!81 &963194226
AudioListener:
  m_ObjectHideFlags: 0
  m_CorrespondingSourceObject: {fileID: 0}
  m_PrefabInstance: {fileID: 0}
  m_PrefabAsset: {fileID: 0}
  m_GameObject: {fileID: 963194225}
  m_Enabled: 1
--- !u!20 &963194227
Camera:
  m_ObjectHideFlags: 0
  m_CorrespondingSourceObject: {fileID: 0}
  m_PrefabInstance: {fileID: 0}
  m_PrefabAsset: {fileID: 0}
  m_GameObject: {fileID: 963194225}
  m_Enabled: 1
  serializedVersion: 2
  m_ClearFlags: 1
  m_BackGroundColor: {r: 0.19215687, g: 0.3019608, b: 0.4745098, a: 0}
  m_projectionMatrixMode: 1
  m_GateFitMode: 2
  m_FOVAxisMode: 0
  m_SensorSize: {x: 36, y: 24}
  m_LensShift: {x: 0, y: 0}
  m_FocalLength: 50
  m_NormalizedViewPortRect:
    serializedVersion: 2
    x: 0
    y: 0
    width: 1
    height: 1
  near clip plane: 0.3
  far clip plane: 1000
  field of view: 60
  orthographic: 0
  orthographic size: 5
  m_Depth: -1
  m_CullingMask:
    serializedVersion: 2
    m_Bits: 4294967295
  m_RenderingPath: -1
  m_TargetTexture: {fileID: 0}
  m_TargetDisplay: 0
  m_TargetEye: 3
  m_HDR: 1
  m_AllowMSAA: 1
  m_AllowDynamicResolution: 0
  m_ForceIntoRT: 0
  m_OcclusionCulling: 1
  m_StereoConvergence: 10
  m_StereoSeparation: 0.022
--- !u!4 &963194228
Transform:
  m_ObjectHideFlags: 0
  m_CorrespondingSourceObject: {fileID: 0}
  m_PrefabInstance: {fileID: 0}
  m_PrefabAsset: {fileID: 0}
  m_GameObject: {fileID: 963194225}
  m_LocalRotation: {x: -0.3910724, y: 0.21706574, z: -0.0954719, w: -0.8892863}
  m_LocalPosition: {x: 47.022152, y: 30.135387, z: -24.827753}
  m_LocalScale: {x: 1, y: 1, z: 1}
  m_Children: []
  m_Father: {fileID: 0}
  m_RootOrder: 0
  m_LocalEulerAnglesHint: {x: 48.739002, y: 0, z: 0}
--- !u!1001 &997525611
PrefabInstance:
  m_ObjectHideFlags: 0
  serializedVersion: 2
  m_Modification:
    m_TransformParent: {fileID: 439787450}
    m_Modifications:
    - target: {fileID: 897552738, guid: 36b2f8a4fd0b9ef488b861e35c1ed5af, type: 3}
      propertyPath: m_Text
      value: 1,0
      objectReference: {fileID: 0}
    - target: {fileID: 6147696656284689325, guid: 36b2f8a4fd0b9ef488b861e35c1ed5af,
        type: 3}
      propertyPath: m_LocalPosition.x
      value: 10
      objectReference: {fileID: 0}
    - target: {fileID: 6147696656284689325, guid: 36b2f8a4fd0b9ef488b861e35c1ed5af,
        type: 3}
      propertyPath: m_LocalPosition.y
      value: 0
      objectReference: {fileID: 0}
    - target: {fileID: 6147696656284689325, guid: 36b2f8a4fd0b9ef488b861e35c1ed5af,
        type: 3}
      propertyPath: m_LocalPosition.z
      value: 0
      objectReference: {fileID: 0}
    - target: {fileID: 6147696656284689325, guid: 36b2f8a4fd0b9ef488b861e35c1ed5af,
        type: 3}
      propertyPath: m_LocalRotation.x
      value: -0
      objectReference: {fileID: 0}
    - target: {fileID: 6147696656284689325, guid: 36b2f8a4fd0b9ef488b861e35c1ed5af,
        type: 3}
      propertyPath: m_LocalRotation.y
      value: -0
      objectReference: {fileID: 0}
    - target: {fileID: 6147696656284689325, guid: 36b2f8a4fd0b9ef488b861e35c1ed5af,
        type: 3}
      propertyPath: m_LocalRotation.z
      value: -0
      objectReference: {fileID: 0}
    - target: {fileID: 6147696656284689325, guid: 36b2f8a4fd0b9ef488b861e35c1ed5af,
        type: 3}
      propertyPath: m_LocalRotation.w
      value: 1
      objectReference: {fileID: 0}
    - target: {fileID: 6147696656284689325, guid: 36b2f8a4fd0b9ef488b861e35c1ed5af,
        type: 3}
      propertyPath: m_RootOrder
      value: 1
      objectReference: {fileID: 0}
    - target: {fileID: 6147696656284689325, guid: 36b2f8a4fd0b9ef488b861e35c1ed5af,
        type: 3}
      propertyPath: m_LocalEulerAnglesHint.x
      value: 0
      objectReference: {fileID: 0}
    - target: {fileID: 6147696656284689325, guid: 36b2f8a4fd0b9ef488b861e35c1ed5af,
        type: 3}
      propertyPath: m_LocalEulerAnglesHint.y
      value: 0
      objectReference: {fileID: 0}
    - target: {fileID: 6147696656284689325, guid: 36b2f8a4fd0b9ef488b861e35c1ed5af,
        type: 3}
      propertyPath: m_LocalEulerAnglesHint.z
      value: 0
      objectReference: {fileID: 0}
    - target: {fileID: 7696159077580818062, guid: 36b2f8a4fd0b9ef488b861e35c1ed5af,
        type: 3}
      propertyPath: m_Name
      value: 1,0
      objectReference: {fileID: 0}
    m_RemovedComponents: []
  m_SourcePrefab: {fileID: 100100000, guid: 36b2f8a4fd0b9ef488b861e35c1ed5af, type: 3}
--- !u!4 &1001402607 stripped
Transform:
  m_CorrespondingSourceObject: {fileID: 6147696656284689325, guid: 36b2f8a4fd0b9ef488b861e35c1ed5af,
    type: 3}
  m_PrefabInstance: {fileID: 362848599}
  m_PrefabAsset: {fileID: 0}
--- !u!1001 &1142464209
PrefabInstance:
  m_ObjectHideFlags: 0
  serializedVersion: 2
  m_Modification:
    m_TransformParent: {fileID: 439787450}
    m_Modifications:
    - target: {fileID: 897552738, guid: 36b2f8a4fd0b9ef488b861e35c1ed5af, type: 3}
      propertyPath: m_Text
      value: 3,0
      objectReference: {fileID: 0}
    - target: {fileID: 6147696656284689325, guid: 36b2f8a4fd0b9ef488b861e35c1ed5af,
        type: 3}
      propertyPath: m_LocalPosition.x
      value: 30
      objectReference: {fileID: 0}
    - target: {fileID: 6147696656284689325, guid: 36b2f8a4fd0b9ef488b861e35c1ed5af,
        type: 3}
      propertyPath: m_LocalPosition.y
      value: 0
      objectReference: {fileID: 0}
    - target: {fileID: 6147696656284689325, guid: 36b2f8a4fd0b9ef488b861e35c1ed5af,
        type: 3}
      propertyPath: m_LocalPosition.z
      value: 0
      objectReference: {fileID: 0}
    - target: {fileID: 6147696656284689325, guid: 36b2f8a4fd0b9ef488b861e35c1ed5af,
        type: 3}
      propertyPath: m_LocalRotation.x
      value: -0
      objectReference: {fileID: 0}
    - target: {fileID: 6147696656284689325, guid: 36b2f8a4fd0b9ef488b861e35c1ed5af,
        type: 3}
      propertyPath: m_LocalRotation.y
      value: -0
      objectReference: {fileID: 0}
    - target: {fileID: 6147696656284689325, guid: 36b2f8a4fd0b9ef488b861e35c1ed5af,
        type: 3}
      propertyPath: m_LocalRotation.z
      value: -0
      objectReference: {fileID: 0}
    - target: {fileID: 6147696656284689325, guid: 36b2f8a4fd0b9ef488b861e35c1ed5af,
        type: 3}
      propertyPath: m_LocalRotation.w
      value: 1
      objectReference: {fileID: 0}
    - target: {fileID: 6147696656284689325, guid: 36b2f8a4fd0b9ef488b861e35c1ed5af,
        type: 3}
      propertyPath: m_RootOrder
      value: 7
      objectReference: {fileID: 0}
    - target: {fileID: 6147696656284689325, guid: 36b2f8a4fd0b9ef488b861e35c1ed5af,
        type: 3}
      propertyPath: m_LocalEulerAnglesHint.x
      value: 0
      objectReference: {fileID: 0}
    - target: {fileID: 6147696656284689325, guid: 36b2f8a4fd0b9ef488b861e35c1ed5af,
        type: 3}
      propertyPath: m_LocalEulerAnglesHint.y
      value: 0
      objectReference: {fileID: 0}
    - target: {fileID: 6147696656284689325, guid: 36b2f8a4fd0b9ef488b861e35c1ed5af,
        type: 3}
      propertyPath: m_LocalEulerAnglesHint.z
      value: 0
      objectReference: {fileID: 0}
    - target: {fileID: 7696159077580818062, guid: 36b2f8a4fd0b9ef488b861e35c1ed5af,
        type: 3}
      propertyPath: m_Name
      value: 3,0
      objectReference: {fileID: 0}
    m_RemovedComponents: []
  m_SourcePrefab: {fileID: 100100000, guid: 36b2f8a4fd0b9ef488b861e35c1ed5af, type: 3}
--- !u!1001 &1152678134
PrefabInstance:
  m_ObjectHideFlags: 0
  serializedVersion: 2
  m_Modification:
    m_TransformParent: {fileID: 439787450}
    m_Modifications:
    - target: {fileID: 897552738, guid: 36b2f8a4fd0b9ef488b861e35c1ed5af, type: 3}
      propertyPath: m_Text
      value: 3,2
      objectReference: {fileID: 0}
    - target: {fileID: 6147696656284689325, guid: 36b2f8a4fd0b9ef488b861e35c1ed5af,
        type: 3}
      propertyPath: m_LocalPosition.x
      value: 30
      objectReference: {fileID: 0}
    - target: {fileID: 6147696656284689325, guid: 36b2f8a4fd0b9ef488b861e35c1ed5af,
        type: 3}
      propertyPath: m_LocalPosition.y
      value: 0
      objectReference: {fileID: 0}
    - target: {fileID: 6147696656284689325, guid: 36b2f8a4fd0b9ef488b861e35c1ed5af,
        type: 3}
      propertyPath: m_LocalPosition.z
      value: 20
      objectReference: {fileID: 0}
    - target: {fileID: 6147696656284689325, guid: 36b2f8a4fd0b9ef488b861e35c1ed5af,
        type: 3}
      propertyPath: m_LocalRotation.x
      value: -0
      objectReference: {fileID: 0}
    - target: {fileID: 6147696656284689325, guid: 36b2f8a4fd0b9ef488b861e35c1ed5af,
        type: 3}
      propertyPath: m_LocalRotation.y
      value: -0
      objectReference: {fileID: 0}
    - target: {fileID: 6147696656284689325, guid: 36b2f8a4fd0b9ef488b861e35c1ed5af,
        type: 3}
      propertyPath: m_LocalRotation.z
      value: -0
      objectReference: {fileID: 0}
    - target: {fileID: 6147696656284689325, guid: 36b2f8a4fd0b9ef488b861e35c1ed5af,
        type: 3}
      propertyPath: m_LocalRotation.w
      value: 1
      objectReference: {fileID: 0}
    - target: {fileID: 6147696656284689325, guid: 36b2f8a4fd0b9ef488b861e35c1ed5af,
        type: 3}
      propertyPath: m_RootOrder
      value: 17
      objectReference: {fileID: 0}
    - target: {fileID: 6147696656284689325, guid: 36b2f8a4fd0b9ef488b861e35c1ed5af,
        type: 3}
      propertyPath: m_LocalEulerAnglesHint.x
      value: 0
      objectReference: {fileID: 0}
    - target: {fileID: 6147696656284689325, guid: 36b2f8a4fd0b9ef488b861e35c1ed5af,
        type: 3}
      propertyPath: m_LocalEulerAnglesHint.y
      value: 0
      objectReference: {fileID: 0}
    - target: {fileID: 6147696656284689325, guid: 36b2f8a4fd0b9ef488b861e35c1ed5af,
        type: 3}
      propertyPath: m_LocalEulerAnglesHint.z
      value: 0
      objectReference: {fileID: 0}
    - target: {fileID: 7696159077580818062, guid: 36b2f8a4fd0b9ef488b861e35c1ed5af,
        type: 3}
      propertyPath: m_Name
      value: 3,2
      objectReference: {fileID: 0}
    m_RemovedComponents: []
  m_SourcePrefab: {fileID: 100100000, guid: 36b2f8a4fd0b9ef488b861e35c1ed5af, type: 3}
--- !u!4 &1175588564 stripped
Transform:
  m_CorrespondingSourceObject: {fileID: 6147696656284689325, guid: 36b2f8a4fd0b9ef488b861e35c1ed5af,
    type: 3}
  m_PrefabInstance: {fileID: 1987957835}
  m_PrefabAsset: {fileID: 0}
--- !u!4 &1190210192 stripped
Transform:
  m_CorrespondingSourceObject: {fileID: 6147696656284689325, guid: 36b2f8a4fd0b9ef488b861e35c1ed5af,
    type: 3}
  m_PrefabInstance: {fileID: 1312145954}
  m_PrefabAsset: {fileID: 0}
--- !u!1001 &1228949907
PrefabInstance:
  m_ObjectHideFlags: 0
  serializedVersion: 2
  m_Modification:
    m_TransformParent: {fileID: 439787450}
    m_Modifications:
    - target: {fileID: 897552738, guid: 36b2f8a4fd0b9ef488b861e35c1ed5af, type: 3}
      propertyPath: m_Text
      value: 4,0
      objectReference: {fileID: 0}
    - target: {fileID: 6147696656284689325, guid: 36b2f8a4fd0b9ef488b861e35c1ed5af,
        type: 3}
      propertyPath: m_LocalPosition.x
      value: 40
      objectReference: {fileID: 0}
    - target: {fileID: 6147696656284689325, guid: 36b2f8a4fd0b9ef488b861e35c1ed5af,
        type: 3}
      propertyPath: m_LocalPosition.y
      value: 0
      objectReference: {fileID: 0}
    - target: {fileID: 6147696656284689325, guid: 36b2f8a4fd0b9ef488b861e35c1ed5af,
        type: 3}
      propertyPath: m_LocalPosition.z
      value: 0
      objectReference: {fileID: 0}
    - target: {fileID: 6147696656284689325, guid: 36b2f8a4fd0b9ef488b861e35c1ed5af,
        type: 3}
      propertyPath: m_LocalRotation.x
      value: -0
      objectReference: {fileID: 0}
    - target: {fileID: 6147696656284689325, guid: 36b2f8a4fd0b9ef488b861e35c1ed5af,
        type: 3}
      propertyPath: m_LocalRotation.y
      value: -0
      objectReference: {fileID: 0}
    - target: {fileID: 6147696656284689325, guid: 36b2f8a4fd0b9ef488b861e35c1ed5af,
        type: 3}
      propertyPath: m_LocalRotation.z
      value: -0
      objectReference: {fileID: 0}
    - target: {fileID: 6147696656284689325, guid: 36b2f8a4fd0b9ef488b861e35c1ed5af,
        type: 3}
      propertyPath: m_LocalRotation.w
      value: 1
      objectReference: {fileID: 0}
    - target: {fileID: 6147696656284689325, guid: 36b2f8a4fd0b9ef488b861e35c1ed5af,
        type: 3}
      propertyPath: m_RootOrder
      value: 17
      objectReference: {fileID: 0}
    - target: {fileID: 6147696656284689325, guid: 36b2f8a4fd0b9ef488b861e35c1ed5af,
        type: 3}
      propertyPath: m_LocalEulerAnglesHint.x
      value: 0
      objectReference: {fileID: 0}
    - target: {fileID: 6147696656284689325, guid: 36b2f8a4fd0b9ef488b861e35c1ed5af,
        type: 3}
      propertyPath: m_LocalEulerAnglesHint.y
      value: 0
      objectReference: {fileID: 0}
    - target: {fileID: 6147696656284689325, guid: 36b2f8a4fd0b9ef488b861e35c1ed5af,
        type: 3}
      propertyPath: m_LocalEulerAnglesHint.z
      value: 0
      objectReference: {fileID: 0}
    - target: {fileID: 7696159077580818062, guid: 36b2f8a4fd0b9ef488b861e35c1ed5af,
        type: 3}
      propertyPath: m_Name
      value: 4,0
      objectReference: {fileID: 0}
    m_RemovedComponents: []
  m_SourcePrefab: {fileID: 100100000, guid: 36b2f8a4fd0b9ef488b861e35c1ed5af, type: 3}
--- !u!1001 &1312145954
PrefabInstance:
  m_ObjectHideFlags: 0
  serializedVersion: 2
  m_Modification:
    m_TransformParent: {fileID: 439787450}
    m_Modifications:
    - target: {fileID: 897552738, guid: 36b2f8a4fd0b9ef488b861e35c1ed5af, type: 3}
      propertyPath: m_Text
      value: 3,-2
      objectReference: {fileID: 0}
    - target: {fileID: 6147696656284689325, guid: 36b2f8a4fd0b9ef488b861e35c1ed5af,
        type: 3}
      propertyPath: m_LocalPosition.x
      value: 30
      objectReference: {fileID: 0}
    - target: {fileID: 6147696656284689325, guid: 36b2f8a4fd0b9ef488b861e35c1ed5af,
        type: 3}
      propertyPath: m_LocalPosition.y
      value: 0
      objectReference: {fileID: 0}
    - target: {fileID: 6147696656284689325, guid: 36b2f8a4fd0b9ef488b861e35c1ed5af,
        type: 3}
      propertyPath: m_LocalPosition.z
      value: -20
      objectReference: {fileID: 0}
    - target: {fileID: 6147696656284689325, guid: 36b2f8a4fd0b9ef488b861e35c1ed5af,
        type: 3}
      propertyPath: m_LocalRotation.x
      value: -0
      objectReference: {fileID: 0}
    - target: {fileID: 6147696656284689325, guid: 36b2f8a4fd0b9ef488b861e35c1ed5af,
        type: 3}
      propertyPath: m_LocalRotation.y
      value: -0
      objectReference: {fileID: 0}
    - target: {fileID: 6147696656284689325, guid: 36b2f8a4fd0b9ef488b861e35c1ed5af,
        type: 3}
      propertyPath: m_LocalRotation.z
      value: -0
      objectReference: {fileID: 0}
    - target: {fileID: 6147696656284689325, guid: 36b2f8a4fd0b9ef488b861e35c1ed5af,
        type: 3}
      propertyPath: m_LocalRotation.w
      value: 1
      objectReference: {fileID: 0}
    - target: {fileID: 6147696656284689325, guid: 36b2f8a4fd0b9ef488b861e35c1ed5af,
        type: 3}
      propertyPath: m_RootOrder
      value: 16
      objectReference: {fileID: 0}
    - target: {fileID: 6147696656284689325, guid: 36b2f8a4fd0b9ef488b861e35c1ed5af,
        type: 3}
      propertyPath: m_LocalEulerAnglesHint.x
      value: 0
      objectReference: {fileID: 0}
    - target: {fileID: 6147696656284689325, guid: 36b2f8a4fd0b9ef488b861e35c1ed5af,
        type: 3}
      propertyPath: m_LocalEulerAnglesHint.y
      value: 0
      objectReference: {fileID: 0}
    - target: {fileID: 6147696656284689325, guid: 36b2f8a4fd0b9ef488b861e35c1ed5af,
        type: 3}
      propertyPath: m_LocalEulerAnglesHint.z
      value: 0
      objectReference: {fileID: 0}
    - target: {fileID: 7696159077580818062, guid: 36b2f8a4fd0b9ef488b861e35c1ed5af,
        type: 3}
      propertyPath: m_Name
      value: 3,-2
      objectReference: {fileID: 0}
    m_RemovedComponents: []
  m_SourcePrefab: {fileID: 100100000, guid: 36b2f8a4fd0b9ef488b861e35c1ed5af, type: 3}
--- !u!4 &1334812257 stripped
Transform:
  m_CorrespondingSourceObject: {fileID: 6147696656284689325, guid: 36b2f8a4fd0b9ef488b861e35c1ed5af,
    type: 3}
  m_PrefabInstance: {fileID: 1228949907}
  m_PrefabAsset: {fileID: 0}
--- !u!4 &1338486451 stripped
Transform:
  m_CorrespondingSourceObject: {fileID: 6147696656284689325, guid: 36b2f8a4fd0b9ef488b861e35c1ed5af,
    type: 3}
  m_PrefabInstance: {fileID: 997525611}
  m_PrefabAsset: {fileID: 0}
--- !u!1001 &1354338601
PrefabInstance:
  m_ObjectHideFlags: 0
  serializedVersion: 2
  m_Modification:
    m_TransformParent: {fileID: 439787450}
    m_Modifications:
    - target: {fileID: 897552738, guid: 36b2f8a4fd0b9ef488b861e35c1ed5af, type: 3}
      propertyPath: m_Text
      value: 2,-2
      objectReference: {fileID: 0}
    - target: {fileID: 6147696656284689325, guid: 36b2f8a4fd0b9ef488b861e35c1ed5af,
        type: 3}
      propertyPath: m_LocalPosition.x
      value: 20
      objectReference: {fileID: 0}
    - target: {fileID: 6147696656284689325, guid: 36b2f8a4fd0b9ef488b861e35c1ed5af,
        type: 3}
      propertyPath: m_LocalPosition.y
      value: 0
      objectReference: {fileID: 0}
    - target: {fileID: 6147696656284689325, guid: 36b2f8a4fd0b9ef488b861e35c1ed5af,
        type: 3}
      propertyPath: m_LocalPosition.z
      value: -20
      objectReference: {fileID: 0}
    - target: {fileID: 6147696656284689325, guid: 36b2f8a4fd0b9ef488b861e35c1ed5af,
        type: 3}
      propertyPath: m_LocalRotation.x
      value: -0
      objectReference: {fileID: 0}
    - target: {fileID: 6147696656284689325, guid: 36b2f8a4fd0b9ef488b861e35c1ed5af,
        type: 3}
      propertyPath: m_LocalRotation.y
      value: -0
      objectReference: {fileID: 0}
    - target: {fileID: 6147696656284689325, guid: 36b2f8a4fd0b9ef488b861e35c1ed5af,
        type: 3}
      propertyPath: m_LocalRotation.z
      value: -0
      objectReference: {fileID: 0}
    - target: {fileID: 6147696656284689325, guid: 36b2f8a4fd0b9ef488b861e35c1ed5af,
        type: 3}
      propertyPath: m_LocalRotation.w
      value: 1
      objectReference: {fileID: 0}
    - target: {fileID: 6147696656284689325, guid: 36b2f8a4fd0b9ef488b861e35c1ed5af,
        type: 3}
      propertyPath: m_RootOrder
      value: 15
      objectReference: {fileID: 0}
    - target: {fileID: 6147696656284689325, guid: 36b2f8a4fd0b9ef488b861e35c1ed5af,
        type: 3}
      propertyPath: m_LocalEulerAnglesHint.x
      value: 0
      objectReference: {fileID: 0}
    - target: {fileID: 6147696656284689325, guid: 36b2f8a4fd0b9ef488b861e35c1ed5af,
        type: 3}
      propertyPath: m_LocalEulerAnglesHint.y
      value: 0
      objectReference: {fileID: 0}
    - target: {fileID: 6147696656284689325, guid: 36b2f8a4fd0b9ef488b861e35c1ed5af,
        type: 3}
      propertyPath: m_LocalEulerAnglesHint.z
      value: 0
      objectReference: {fileID: 0}
    - target: {fileID: 7696159077580818062, guid: 36b2f8a4fd0b9ef488b861e35c1ed5af,
        type: 3}
      propertyPath: m_Name
      value: 2,-2
      objectReference: {fileID: 0}
    m_RemovedComponents: []
  m_SourcePrefab: {fileID: 100100000, guid: 36b2f8a4fd0b9ef488b861e35c1ed5af, type: 3}
--- !u!4 &1360429820 stripped
Transform:
  m_CorrespondingSourceObject: {fileID: 6147696656284689325, guid: 36b2f8a4fd0b9ef488b861e35c1ed5af,
    type: 3}
  m_PrefabInstance: {fileID: 1152678134}
  m_PrefabAsset: {fileID: 0}
--- !u!1 &1380775960
GameObject:
  m_ObjectHideFlags: 0
  m_CorrespondingSourceObject: {fileID: 0}
  m_PrefabInstance: {fileID: 0}
  m_PrefabAsset: {fileID: 0}
  serializedVersion: 6
  m_Component:
  - component: {fileID: 1380775963}
  - component: {fileID: 1380775962}
  - component: {fileID: 1380775961}
  m_Layer: 0
  m_Name: EventSystem
  m_TagString: Untagged
  m_Icon: {fileID: 0}
  m_NavMeshLayer: 0
  m_StaticEditorFlags: 0
  m_IsActive: 1
--- !u!114 &1380775961
MonoBehaviour:
  m_ObjectHideFlags: 0
  m_CorrespondingSourceObject: {fileID: 0}
  m_PrefabInstance: {fileID: 0}
  m_PrefabAsset: {fileID: 0}
  m_GameObject: {fileID: 1380775960}
  m_Enabled: 1
  m_EditorHideFlags: 0
  m_Script: {fileID: 11500000, guid: 4f231c4fb786f3946a6b90b886c48677, type: 3}
  m_Name: 
  m_EditorClassIdentifier: 
  m_HorizontalAxis: Horizontal
  m_VerticalAxis: Vertical
  m_SubmitButton: Submit
  m_CancelButton: Cancel
  m_InputActionsPerSecond: 10
  m_RepeatDelay: 0.5
  m_ForceModuleActive: 0
--- !u!114 &1380775962
MonoBehaviour:
  m_ObjectHideFlags: 0
  m_CorrespondingSourceObject: {fileID: 0}
  m_PrefabInstance: {fileID: 0}
  m_PrefabAsset: {fileID: 0}
  m_GameObject: {fileID: 1380775960}
  m_Enabled: 1
  m_EditorHideFlags: 0
  m_Script: {fileID: 11500000, guid: 76c392e42b5098c458856cdf6ecaaaa1, type: 3}
  m_Name: 
  m_EditorClassIdentifier: 
  m_FirstSelected: {fileID: 0}
  m_sendNavigationEvents: 1
  m_DragThreshold: 10
--- !u!4 &1380775963
Transform:
  m_ObjectHideFlags: 0
  m_CorrespondingSourceObject: {fileID: 0}
  m_PrefabInstance: {fileID: 0}
  m_PrefabAsset: {fileID: 0}
  m_GameObject: {fileID: 1380775960}
  m_LocalRotation: {x: 0, y: 0, z: 0, w: 1}
  m_LocalPosition: {x: 0, y: 0, z: 0}
  m_LocalScale: {x: 1, y: 1, z: 1}
  m_Children: []
  m_Father: {fileID: 0}
  m_RootOrder: 3
  m_LocalEulerAnglesHint: {x: 0, y: 0, z: 0}
--- !u!4 &1442496509 stripped
Transform:
  m_CorrespondingSourceObject: {fileID: 6147696656284689325, guid: 36b2f8a4fd0b9ef488b861e35c1ed5af,
    type: 3}
  m_PrefabInstance: {fileID: 671384879}
  m_PrefabAsset: {fileID: 0}
--- !u!1001 &1448679265
PrefabInstance:
  m_ObjectHideFlags: 0
  serializedVersion: 2
  m_Modification:
    m_TransformParent: {fileID: 439787450}
    m_Modifications:
    - target: {fileID: 897552738, guid: 36b2f8a4fd0b9ef488b861e35c1ed5af, type: 3}
      propertyPath: m_Text
      value: 2,-1
      objectReference: {fileID: 0}
    - target: {fileID: 6147696656284689325, guid: 36b2f8a4fd0b9ef488b861e35c1ed5af,
        type: 3}
      propertyPath: m_LocalPosition.x
      value: 20
      objectReference: {fileID: 0}
    - target: {fileID: 6147696656284689325, guid: 36b2f8a4fd0b9ef488b861e35c1ed5af,
        type: 3}
      propertyPath: m_LocalPosition.y
      value: 0
      objectReference: {fileID: 0}
    - target: {fileID: 6147696656284689325, guid: 36b2f8a4fd0b9ef488b861e35c1ed5af,
        type: 3}
      propertyPath: m_LocalPosition.z
      value: -10
      objectReference: {fileID: 0}
    - target: {fileID: 6147696656284689325, guid: 36b2f8a4fd0b9ef488b861e35c1ed5af,
        type: 3}
      propertyPath: m_LocalRotation.x
      value: -0
      objectReference: {fileID: 0}
    - target: {fileID: 6147696656284689325, guid: 36b2f8a4fd0b9ef488b861e35c1ed5af,
        type: 3}
      propertyPath: m_LocalRotation.y
      value: -0
      objectReference: {fileID: 0}
    - target: {fileID: 6147696656284689325, guid: 36b2f8a4fd0b9ef488b861e35c1ed5af,
        type: 3}
      propertyPath: m_LocalRotation.z
      value: -0
      objectReference: {fileID: 0}
    - target: {fileID: 6147696656284689325, guid: 36b2f8a4fd0b9ef488b861e35c1ed5af,
        type: 3}
      propertyPath: m_LocalRotation.w
      value: 1
      objectReference: {fileID: 0}
    - target: {fileID: 6147696656284689325, guid: 36b2f8a4fd0b9ef488b861e35c1ed5af,
        type: 3}
      propertyPath: m_RootOrder
      value: 11
      objectReference: {fileID: 0}
    - target: {fileID: 6147696656284689325, guid: 36b2f8a4fd0b9ef488b861e35c1ed5af,
        type: 3}
      propertyPath: m_LocalEulerAnglesHint.x
      value: 0
      objectReference: {fileID: 0}
    - target: {fileID: 6147696656284689325, guid: 36b2f8a4fd0b9ef488b861e35c1ed5af,
        type: 3}
      propertyPath: m_LocalEulerAnglesHint.y
      value: 0
      objectReference: {fileID: 0}
    - target: {fileID: 6147696656284689325, guid: 36b2f8a4fd0b9ef488b861e35c1ed5af,
        type: 3}
      propertyPath: m_LocalEulerAnglesHint.z
      value: 0
      objectReference: {fileID: 0}
    - target: {fileID: 7696159077580818062, guid: 36b2f8a4fd0b9ef488b861e35c1ed5af,
        type: 3}
      propertyPath: m_Name
      value: 2,-1
      objectReference: {fileID: 0}
    m_RemovedComponents: []
  m_SourcePrefab: {fileID: 100100000, guid: 36b2f8a4fd0b9ef488b861e35c1ed5af, type: 3}
--- !u!4 &1530595025 stripped
Transform:
  m_CorrespondingSourceObject: {fileID: 6147696656284689325, guid: 36b2f8a4fd0b9ef488b861e35c1ed5af,
    type: 3}
  m_PrefabInstance: {fileID: 147485340}
  m_PrefabAsset: {fileID: 0}
--- !u!4 &1588315151 stripped
Transform:
  m_CorrespondingSourceObject: {fileID: 6147696656284689325, guid: 36b2f8a4fd0b9ef488b861e35c1ed5af,
    type: 3}
  m_PrefabInstance: {fileID: 452375995}
  m_PrefabAsset: {fileID: 0}
--- !u!1 &1594911948 stripped
GameObject:
  m_CorrespondingSourceObject: {fileID: 100000, guid: 31b2c1948ecd3cb499128af0419779ae,
    type: 3}
  m_PrefabInstance: {fileID: 939214906}
  m_PrefabAsset: {fileID: 0}
--- !u!114 &1594911949
MonoBehaviour:
  m_ObjectHideFlags: 0
  m_CorrespondingSourceObject: {fileID: 0}
  m_PrefabInstance: {fileID: 0}
  m_PrefabAsset: {fileID: 0}
  m_GameObject: {fileID: 1594911948}
  m_Enabled: 1
  m_EditorHideFlags: 0
  m_Script: {fileID: 11500000, guid: 94184379b3d20fe469eeaf1423458108, type: 3}
  m_Name: 
  m_EditorClassIdentifier: 
  playerHealth: 5
  healthText: {fileID: 1896159032}
  takeDamage: {fileID: 8300000, guid: d3b66029e17dab9469f1cd965d2a372e, type: 3}
--- !u!65 &1594911950
BoxCollider:
  m_ObjectHideFlags: 0
  m_CorrespondingSourceObject: {fileID: 0}
  m_PrefabInstance: {fileID: 0}
  m_PrefabAsset: {fileID: 0}
  m_GameObject: {fileID: 1594911948}
  m_Material: {fileID: 0}
  m_IsTrigger: 1
  m_Enabled: 1
  serializedVersion: 2
  m_Size: {x: 15, y: 15, z: 15}
  m_Center: {x: 20, y: 9.2, z: -15}
--- !u!82 &1594911952
AudioSource:
  m_ObjectHideFlags: 0
  m_CorrespondingSourceObject: {fileID: 0}
  m_PrefabInstance: {fileID: 0}
  m_PrefabAsset: {fileID: 0}
  m_GameObject: {fileID: 1594911948}
  m_Enabled: 1
  serializedVersion: 4
  OutputAudioMixerGroup: {fileID: 0}
  m_audioClip: {fileID: 0}
  m_PlayOnAwake: 1
  m_Volume: 1
  m_Pitch: 1
  Loop: 0
  Mute: 0
  Spatialize: 0
  SpatializePostEffects: 0
  Priority: 128
  DopplerLevel: 1
  MinDistance: 1
  MaxDistance: 500
  Pan2D: 0
  rolloffMode: 0
  BypassEffects: 0
  BypassListenerEffects: 0
  BypassReverbZones: 0
  rolloffCustomCurve:
    serializedVersion: 2
    m_Curve:
    - serializedVersion: 3
      time: 0
      value: 1
      inSlope: 0
      outSlope: 0
      tangentMode: 0
      weightedMode: 0
      inWeight: 0.33333334
      outWeight: 0.33333334
    - serializedVersion: 3
      time: 1
      value: 0
      inSlope: 0
      outSlope: 0
      tangentMode: 0
      weightedMode: 0
      inWeight: 0.33333334
      outWeight: 0.33333334
    m_PreInfinity: 2
    m_PostInfinity: 2
    m_RotationOrder: 4
  panLevelCustomCurve:
    serializedVersion: 2
    m_Curve:
    - serializedVersion: 3
      time: 0
      value: 0
      inSlope: 0
      outSlope: 0
      tangentMode: 0
      weightedMode: 0
      inWeight: 0.33333334
      outWeight: 0.33333334
    m_PreInfinity: 2
    m_PostInfinity: 2
    m_RotationOrder: 4
  spreadCustomCurve:
    serializedVersion: 2
    m_Curve:
    - serializedVersion: 3
      time: 0
      value: 0
      inSlope: 0
      outSlope: 0
      tangentMode: 0
      weightedMode: 0
      inWeight: 0.33333334
      outWeight: 0.33333334
    m_PreInfinity: 2
    m_PostInfinity: 2
    m_RotationOrder: 4
  reverbZoneMixCustomCurve:
    serializedVersion: 2
    m_Curve:
    - serializedVersion: 3
      time: 0
      value: 1
      inSlope: 0
      outSlope: 0
      tangentMode: 0
      weightedMode: 0
      inWeight: 0.33333334
      outWeight: 0.33333334
    m_PreInfinity: 2
    m_PostInfinity: 2
    m_RotationOrder: 4
--- !u!1 &1653599400
GameObject:
  m_ObjectHideFlags: 0
  m_CorrespondingSourceObject: {fileID: 0}
  m_PrefabInstance: {fileID: 0}
  m_PrefabAsset: {fileID: 0}
  serializedVersion: 6
  m_Component:
  - component: {fileID: 1653599401}
  m_Layer: 0
  m_Name: Towers
  m_TagString: Untagged
  m_Icon: {fileID: 0}
  m_NavMeshLayer: 0
  m_StaticEditorFlags: 0
  m_IsActive: 1
--- !u!4 &1653599401
Transform:
  m_ObjectHideFlags: 0
  m_CorrespondingSourceObject: {fileID: 0}
  m_PrefabInstance: {fileID: 0}
  m_PrefabAsset: {fileID: 0}
  m_GameObject: {fileID: 1653599400}
  m_LocalRotation: {x: -0, y: -0, z: -0, w: 1}
  m_LocalPosition: {x: 23.657265, y: 3.3614597, z: -6.7211857}
  m_LocalScale: {x: 1, y: 1, z: 1}
  m_Children: []
  m_Father: {fileID: 2068593274}
  m_RootOrder: 1
  m_LocalEulerAnglesHint: {x: 0, y: 0, z: 0}
--- !u!4 &1730520076 stripped
Transform:
  m_CorrespondingSourceObject: {fileID: 6147696656284689325, guid: 36b2f8a4fd0b9ef488b861e35c1ed5af,
    type: 3}
  m_PrefabInstance: {fileID: 1142464209}
  m_PrefabAsset: {fileID: 0}
--- !u!1001 &1793836822
PrefabInstance:
  m_ObjectHideFlags: 0
  serializedVersion: 2
  m_Modification:
    m_TransformParent: {fileID: 439787450}
    m_Modifications:
    - target: {fileID: 897552738, guid: 36b2f8a4fd0b9ef488b861e35c1ed5af, type: 3}
      propertyPath: m_Text
      value: 1,3
      objectReference: {fileID: 0}
    - target: {fileID: 6147696656284689325, guid: 36b2f8a4fd0b9ef488b861e35c1ed5af,
        type: 3}
      propertyPath: m_LocalPosition.x
      value: 10
      objectReference: {fileID: 0}
    - target: {fileID: 6147696656284689325, guid: 36b2f8a4fd0b9ef488b861e35c1ed5af,
        type: 3}
      propertyPath: m_LocalPosition.y
      value: 0
      objectReference: {fileID: 0}
    - target: {fileID: 6147696656284689325, guid: 36b2f8a4fd0b9ef488b861e35c1ed5af,
        type: 3}
      propertyPath: m_LocalPosition.z
      value: 30
      objectReference: {fileID: 0}
    - target: {fileID: 6147696656284689325, guid: 36b2f8a4fd0b9ef488b861e35c1ed5af,
        type: 3}
      propertyPath: m_LocalRotation.x
      value: -0
      objectReference: {fileID: 0}
    - target: {fileID: 6147696656284689325, guid: 36b2f8a4fd0b9ef488b861e35c1ed5af,
        type: 3}
      propertyPath: m_LocalRotation.y
      value: -0
      objectReference: {fileID: 0}
    - target: {fileID: 6147696656284689325, guid: 36b2f8a4fd0b9ef488b861e35c1ed5af,
        type: 3}
      propertyPath: m_LocalRotation.z
      value: -0
      objectReference: {fileID: 0}
    - target: {fileID: 6147696656284689325, guid: 36b2f8a4fd0b9ef488b861e35c1ed5af,
        type: 3}
      propertyPath: m_LocalRotation.w
      value: 1
      objectReference: {fileID: 0}
    - target: {fileID: 6147696656284689325, guid: 36b2f8a4fd0b9ef488b861e35c1ed5af,
        type: 3}
      propertyPath: m_RootOrder
      value: 13
      objectReference: {fileID: 0}
    - target: {fileID: 6147696656284689325, guid: 36b2f8a4fd0b9ef488b861e35c1ed5af,
        type: 3}
      propertyPath: m_LocalEulerAnglesHint.x
      value: 0
      objectReference: {fileID: 0}
    - target: {fileID: 6147696656284689325, guid: 36b2f8a4fd0b9ef488b861e35c1ed5af,
        type: 3}
      propertyPath: m_LocalEulerAnglesHint.y
      value: 0
      objectReference: {fileID: 0}
    - target: {fileID: 6147696656284689325, guid: 36b2f8a4fd0b9ef488b861e35c1ed5af,
        type: 3}
      propertyPath: m_LocalEulerAnglesHint.z
      value: 0
      objectReference: {fileID: 0}
    - target: {fileID: 7696159077580818062, guid: 36b2f8a4fd0b9ef488b861e35c1ed5af,
        type: 3}
      propertyPath: m_Name
      value: 1,3
      objectReference: {fileID: 0}
    m_RemovedComponents: []
  m_SourcePrefab: {fileID: 100100000, guid: 36b2f8a4fd0b9ef488b861e35c1ed5af, type: 3}
--- !u!1 &1896159030
GameObject:
  m_ObjectHideFlags: 0
  m_CorrespondingSourceObject: {fileID: 0}
  m_PrefabInstance: {fileID: 0}
  m_PrefabAsset: {fileID: 0}
  serializedVersion: 6
  m_Component:
  - component: {fileID: 1896159031}
  - component: {fileID: 1896159033}
  - component: {fileID: 1896159032}
  m_Layer: 5
  m_Name: HealthText
  m_TagString: Untagged
  m_Icon: {fileID: 0}
  m_NavMeshLayer: 0
  m_StaticEditorFlags: 0
  m_IsActive: 1
--- !u!224 &1896159031
RectTransform:
  m_ObjectHideFlags: 0
  m_CorrespondingSourceObject: {fileID: 0}
  m_PrefabInstance: {fileID: 0}
  m_PrefabAsset: {fileID: 0}
  m_GameObject: {fileID: 1896159030}
  m_LocalRotation: {x: 0, y: 0, z: 0, w: 1}
  m_LocalPosition: {x: 0, y: 0, z: 0}
  m_LocalScale: {x: 1, y: 1, z: 1}
  m_Children: []
  m_Father: {fileID: 953981628}
  m_RootOrder: 0
  m_LocalEulerAnglesHint: {x: 0, y: 0, z: 0}
  m_AnchorMin: {x: 1, y: 1}
  m_AnchorMax: {x: 1, y: 1}
  m_AnchoredPosition: {x: -104.2, y: -68}
  m_SizeDelta: {x: 144.47546, y: 92.098145}
  m_Pivot: {x: 0.5, y: 0.5}
--- !u!114 &1896159032
MonoBehaviour:
  m_ObjectHideFlags: 0
  m_CorrespondingSourceObject: {fileID: 0}
  m_PrefabInstance: {fileID: 0}
  m_PrefabAsset: {fileID: 0}
  m_GameObject: {fileID: 1896159030}
  m_Enabled: 1
  m_EditorHideFlags: 0
  m_Script: {fileID: 11500000, guid: 5f7201a12d95ffc409449d95f23cf332, type: 3}
  m_Name: 
  m_EditorClassIdentifier: 
  m_Material: {fileID: 0}
  m_Color: {r: 1, g: 1, b: 1, a: 1}
  m_RaycastTarget: 1
  m_Maskable: 1
  m_OnCullStateChanged:
    m_PersistentCalls:
      m_Calls: []
  m_FontData:
    m_Font: {fileID: 10102, guid: 0000000000000000e000000000000000, type: 0}
    m_FontSize: 80
    m_FontStyle: 0
    m_BestFit: 0
    m_MinSize: 8
    m_MaxSize: 119
    m_Alignment: 2
    m_AlignByGeometry: 0
    m_RichText: 1
    m_HorizontalOverflow: 0
    m_VerticalOverflow: 0
    m_LineSpacing: 1
  m_Text: 999
--- !u!222 &1896159033
CanvasRenderer:
  m_ObjectHideFlags: 0
  m_CorrespondingSourceObject: {fileID: 0}
  m_PrefabInstance: {fileID: 0}
  m_PrefabAsset: {fileID: 0}
  m_GameObject: {fileID: 1896159030}
  m_CullTransparentMesh: 0
--- !u!1 &1902572582
GameObject:
  m_ObjectHideFlags: 0
  m_CorrespondingSourceObject: {fileID: 0}
  m_PrefabInstance: {fileID: 0}
  m_PrefabAsset: {fileID: 0}
  serializedVersion: 6
  m_Component:
  - component: {fileID: 1902572583}
  - component: {fileID: 1902572585}
  - component: {fileID: 1902572584}
  m_Layer: 5
  m_Name: EnemiesSpawned
  m_TagString: Untagged
  m_Icon: {fileID: 0}
  m_NavMeshLayer: 0
  m_StaticEditorFlags: 0
  m_IsActive: 1
--- !u!224 &1902572583
RectTransform:
  m_ObjectHideFlags: 0
  m_CorrespondingSourceObject: {fileID: 0}
  m_PrefabInstance: {fileID: 0}
  m_PrefabAsset: {fileID: 0}
  m_GameObject: {fileID: 1902572582}
  m_LocalRotation: {x: 0, y: 0, z: 0, w: 1}
  m_LocalPosition: {x: 0, y: 0, z: 0}
  m_LocalScale: {x: 1, y: 1, z: 1}
  m_Children: []
  m_Father: {fileID: 953981628}
  m_RootOrder: 1
  m_LocalEulerAnglesHint: {x: 0, y: 0, z: 0}
  m_AnchorMin: {x: 0, y: 1}
  m_AnchorMax: {x: 0, y: 1}
  m_AnchoredPosition: {x: 101.6, y: -74}
  m_SizeDelta: {x: 137.31027, y: 104.04004}
  m_Pivot: {x: 0.5, y: 0.5}
--- !u!114 &1902572584
MonoBehaviour:
  m_ObjectHideFlags: 0
  m_CorrespondingSourceObject: {fileID: 0}
  m_PrefabInstance: {fileID: 0}
  m_PrefabAsset: {fileID: 0}
  m_GameObject: {fileID: 1902572582}
  m_Enabled: 1
  m_EditorHideFlags: 0
  m_Script: {fileID: 11500000, guid: 5f7201a12d95ffc409449d95f23cf332, type: 3}
  m_Name: 
  m_EditorClassIdentifier: 
  m_Material: {fileID: 0}
  m_Color: {r: 0.9811321, g: 0.9811321, b: 0.9811321, a: 1}
  m_RaycastTarget: 1
  m_Maskable: 1
  m_OnCullStateChanged:
    m_PersistentCalls:
      m_Calls: []
  m_FontData:
    m_Font: {fileID: 10102, guid: 0000000000000000e000000000000000, type: 0}
    m_FontSize: 80
    m_FontStyle: 0
    m_BestFit: 0
    m_MinSize: 0
    m_MaxSize: 90
    m_Alignment: 0
    m_AlignByGeometry: 0
    m_RichText: 1
    m_HorizontalOverflow: 0
    m_VerticalOverflow: 0
    m_LineSpacing: 1
  m_Text: 999
--- !u!222 &1902572585
CanvasRenderer:
  m_ObjectHideFlags: 0
  m_CorrespondingSourceObject: {fileID: 0}
  m_PrefabInstance: {fileID: 0}
  m_PrefabAsset: {fileID: 0}
  m_GameObject: {fileID: 1902572582}
  m_CullTransparentMesh: 0
--- !u!1001 &1987957835
PrefabInstance:
  m_ObjectHideFlags: 0
  serializedVersion: 2
  m_Modification:
    m_TransformParent: {fileID: 439787450}
    m_Modifications:
    - target: {fileID: 897552738, guid: 36b2f8a4fd0b9ef488b861e35c1ed5af, type: 3}
      propertyPath: m_Text
      value: 2,2
      objectReference: {fileID: 0}
    - target: {fileID: 6147696656284689325, guid: 36b2f8a4fd0b9ef488b861e35c1ed5af,
        type: 3}
      propertyPath: m_LocalPosition.x
      value: 20
      objectReference: {fileID: 0}
    - target: {fileID: 6147696656284689325, guid: 36b2f8a4fd0b9ef488b861e35c1ed5af,
        type: 3}
      propertyPath: m_LocalPosition.y
      value: 0
      objectReference: {fileID: 0}
    - target: {fileID: 6147696656284689325, guid: 36b2f8a4fd0b9ef488b861e35c1ed5af,
        type: 3}
      propertyPath: m_LocalPosition.z
      value: 20
      objectReference: {fileID: 0}
    - target: {fileID: 6147696656284689325, guid: 36b2f8a4fd0b9ef488b861e35c1ed5af,
        type: 3}
      propertyPath: m_LocalRotation.x
      value: -0
      objectReference: {fileID: 0}
    - target: {fileID: 6147696656284689325, guid: 36b2f8a4fd0b9ef488b861e35c1ed5af,
        type: 3}
      propertyPath: m_LocalRotation.y
      value: -0
      objectReference: {fileID: 0}
    - target: {fileID: 6147696656284689325, guid: 36b2f8a4fd0b9ef488b861e35c1ed5af,
        type: 3}
      propertyPath: m_LocalRotation.z
      value: -0
      objectReference: {fileID: 0}
    - target: {fileID: 6147696656284689325, guid: 36b2f8a4fd0b9ef488b861e35c1ed5af,
        type: 3}
      propertyPath: m_LocalRotation.w
      value: 1
      objectReference: {fileID: 0}
    - target: {fileID: 6147696656284689325, guid: 36b2f8a4fd0b9ef488b861e35c1ed5af,
        type: 3}
      propertyPath: m_RootOrder
      value: 6
      objectReference: {fileID: 0}
    - target: {fileID: 6147696656284689325, guid: 36b2f8a4fd0b9ef488b861e35c1ed5af,
        type: 3}
      propertyPath: m_LocalEulerAnglesHint.x
      value: 0
      objectReference: {fileID: 0}
    - target: {fileID: 6147696656284689325, guid: 36b2f8a4fd0b9ef488b861e35c1ed5af,
        type: 3}
      propertyPath: m_LocalEulerAnglesHint.y
      value: 0
      objectReference: {fileID: 0}
    - target: {fileID: 6147696656284689325, guid: 36b2f8a4fd0b9ef488b861e35c1ed5af,
        type: 3}
      propertyPath: m_LocalEulerAnglesHint.z
      value: 0
      objectReference: {fileID: 0}
    - target: {fileID: 7696159077580818062, guid: 36b2f8a4fd0b9ef488b861e35c1ed5af,
        type: 3}
      propertyPath: m_Name
      value: 2,2
      objectReference: {fileID: 0}
    m_RemovedComponents: []
  m_SourcePrefab: {fileID: 100100000, guid: 36b2f8a4fd0b9ef488b861e35c1ed5af, type: 3}
--- !u!114 &1990039146 stripped
MonoBehaviour:
  m_CorrespondingSourceObject: {fileID: -1592717982023515080, guid: 36b2f8a4fd0b9ef488b861e35c1ed5af,
    type: 3}
  m_PrefabInstance: {fileID: 2659001296937753824}
  m_PrefabAsset: {fileID: 0}
  m_GameObject: {fileID: 0}
  m_Enabled: 1
  m_EditorHideFlags: 0
  m_Script: {fileID: 11500000, guid: cdd5568d3b0670442bb4d778a73240c9, type: 3}
  m_Name: 
  m_EditorClassIdentifier: 
--- !u!1001 &2062062825
PrefabInstance:
  m_ObjectHideFlags: 0
  serializedVersion: 2
  m_Modification:
    m_TransformParent: {fileID: 439787450}
    m_Modifications:
    - target: {fileID: 897552738, guid: 36b2f8a4fd0b9ef488b861e35c1ed5af, type: 3}
      propertyPath: m_Text
      value: 5,0
      objectReference: {fileID: 0}
    - target: {fileID: 6147696656284689325, guid: 36b2f8a4fd0b9ef488b861e35c1ed5af,
        type: 3}
      propertyPath: m_LocalPosition.x
      value: 50
      objectReference: {fileID: 0}
    - target: {fileID: 6147696656284689325, guid: 36b2f8a4fd0b9ef488b861e35c1ed5af,
        type: 3}
      propertyPath: m_LocalPosition.y
      value: 0
      objectReference: {fileID: 0}
    - target: {fileID: 6147696656284689325, guid: 36b2f8a4fd0b9ef488b861e35c1ed5af,
        type: 3}
      propertyPath: m_LocalPosition.z
      value: 0
      objectReference: {fileID: 0}
    - target: {fileID: 6147696656284689325, guid: 36b2f8a4fd0b9ef488b861e35c1ed5af,
        type: 3}
      propertyPath: m_LocalRotation.x
      value: -0
      objectReference: {fileID: 0}
    - target: {fileID: 6147696656284689325, guid: 36b2f8a4fd0b9ef488b861e35c1ed5af,
        type: 3}
      propertyPath: m_LocalRotation.y
      value: -0
      objectReference: {fileID: 0}
    - target: {fileID: 6147696656284689325, guid: 36b2f8a4fd0b9ef488b861e35c1ed5af,
        type: 3}
      propertyPath: m_LocalRotation.z
      value: -0
      objectReference: {fileID: 0}
    - target: {fileID: 6147696656284689325, guid: 36b2f8a4fd0b9ef488b861e35c1ed5af,
        type: 3}
      propertyPath: m_LocalRotation.w
      value: 1
      objectReference: {fileID: 0}
    - target: {fileID: 6147696656284689325, guid: 36b2f8a4fd0b9ef488b861e35c1ed5af,
        type: 3}
      propertyPath: m_RootOrder
      value: 8
      objectReference: {fileID: 0}
    - target: {fileID: 6147696656284689325, guid: 36b2f8a4fd0b9ef488b861e35c1ed5af,
        type: 3}
      propertyPath: m_LocalEulerAnglesHint.x
      value: 0
      objectReference: {fileID: 0}
    - target: {fileID: 6147696656284689325, guid: 36b2f8a4fd0b9ef488b861e35c1ed5af,
        type: 3}
      propertyPath: m_LocalEulerAnglesHint.y
      value: 0
      objectReference: {fileID: 0}
    - target: {fileID: 6147696656284689325, guid: 36b2f8a4fd0b9ef488b861e35c1ed5af,
        type: 3}
      propertyPath: m_LocalEulerAnglesHint.z
      value: 0
      objectReference: {fileID: 0}
    - target: {fileID: 7696159077580818062, guid: 36b2f8a4fd0b9ef488b861e35c1ed5af,
        type: 3}
      propertyPath: m_Name
      value: 5,0
      objectReference: {fileID: 0}
    m_RemovedComponents: []
  m_SourcePrefab: {fileID: 100100000, guid: 36b2f8a4fd0b9ef488b861e35c1ed5af, type: 3}
--- !u!1 &2068593273
GameObject:
  m_ObjectHideFlags: 0
  m_CorrespondingSourceObject: {fileID: 0}
  m_PrefabInstance: {fileID: 0}
  m_PrefabAsset: {fileID: 0}
  serializedVersion: 6
  m_Component:
  - component: {fileID: 2068593274}
  - component: {fileID: 2068593275}
  - component: {fileID: 2068593276}
  m_Layer: 0
  m_Name: World
  m_TagString: Untagged
  m_Icon: {fileID: 0}
  m_NavMeshLayer: 0
  m_StaticEditorFlags: 0
  m_IsActive: 1
--- !u!4 &2068593274
Transform:
  m_ObjectHideFlags: 0
  m_CorrespondingSourceObject: {fileID: 0}
  m_PrefabInstance: {fileID: 0}
  m_PrefabAsset: {fileID: 0}
  m_GameObject: {fileID: 2068593273}
  m_LocalRotation: {x: 0, y: 0, z: 0, w: 1}
  m_LocalPosition: {x: 0, y: 0, z: 0}
  m_LocalScale: {x: 1, y: 1, z: 1}
  m_Children:
  - {fileID: 439787450}
  - {fileID: 1653599401}
  m_Father: {fileID: 0}
  m_RootOrder: 4
  m_LocalEulerAnglesHint: {x: 0, y: 0, z: 0}
--- !u!114 &2068593275
MonoBehaviour:
  m_ObjectHideFlags: 0
  m_CorrespondingSourceObject: {fileID: 0}
  m_PrefabInstance: {fileID: 0}
  m_PrefabAsset: {fileID: 0}
  m_GameObject: {fileID: 2068593273}
  m_Enabled: 1
  m_EditorHideFlags: 0
  m_Script: {fileID: 11500000, guid: 05196015f3d724b4081a22d576019462, type: 3}
  m_Name: 
  m_EditorClassIdentifier: 
  startBlock: {fileID: 1990039146}
  endBlock: {fileID: 415364067}
--- !u!114 &2068593276
MonoBehaviour:
  m_ObjectHideFlags: 0
  m_CorrespondingSourceObject: {fileID: 0}
  m_PrefabInstance: {fileID: 0}
  m_PrefabAsset: {fileID: 0}
  m_GameObject: {fileID: 2068593273}
  m_Enabled: 1
  m_EditorHideFlags: 0
  m_Script: {fileID: 11500000, guid: f3740167e50086e49968bf41344bdefb, type: 3}
  m_Name: 
  m_EditorClassIdentifier: 
  tower: {fileID: 677279615687251851, guid: 9ac55640898b5fb43883c6176e3f28a8, type: 3}
  towerLimit: 5
  towerParentTransform: {fileID: 1653599401}
--- !u!1001 &2659001296937753824
PrefabInstance:
  m_ObjectHideFlags: 0
  serializedVersion: 2
  m_Modification:
    m_TransformParent: {fileID: 439787450}
    m_Modifications:
    - target: {fileID: 897552738, guid: 36b2f8a4fd0b9ef488b861e35c1ed5af, type: 3}
      propertyPath: m_Text
      value: 0,0
      objectReference: {fileID: 0}
    - target: {fileID: 6147696656284689325, guid: 36b2f8a4fd0b9ef488b861e35c1ed5af,
        type: 3}
      propertyPath: m_LocalPosition.x
      value: 0
      objectReference: {fileID: 0}
    - target: {fileID: 6147696656284689325, guid: 36b2f8a4fd0b9ef488b861e35c1ed5af,
        type: 3}
      propertyPath: m_LocalPosition.y
      value: 0
      objectReference: {fileID: 0}
    - target: {fileID: 6147696656284689325, guid: 36b2f8a4fd0b9ef488b861e35c1ed5af,
        type: 3}
      propertyPath: m_LocalPosition.z
      value: 0
      objectReference: {fileID: 0}
    - target: {fileID: 6147696656284689325, guid: 36b2f8a4fd0b9ef488b861e35c1ed5af,
        type: 3}
      propertyPath: m_LocalRotation.x
      value: -0
      objectReference: {fileID: 0}
    - target: {fileID: 6147696656284689325, guid: 36b2f8a4fd0b9ef488b861e35c1ed5af,
        type: 3}
      propertyPath: m_LocalRotation.y
      value: -0
      objectReference: {fileID: 0}
    - target: {fileID: 6147696656284689325, guid: 36b2f8a4fd0b9ef488b861e35c1ed5af,
        type: 3}
      propertyPath: m_LocalRotation.z
      value: -0
      objectReference: {fileID: 0}
    - target: {fileID: 6147696656284689325, guid: 36b2f8a4fd0b9ef488b861e35c1ed5af,
        type: 3}
      propertyPath: m_LocalRotation.w
      value: 1
      objectReference: {fileID: 0}
    - target: {fileID: 6147696656284689325, guid: 36b2f8a4fd0b9ef488b861e35c1ed5af,
        type: 3}
      propertyPath: m_RootOrder
      value: 0
      objectReference: {fileID: 0}
    - target: {fileID: 6147696656284689325, guid: 36b2f8a4fd0b9ef488b861e35c1ed5af,
        type: 3}
      propertyPath: m_LocalEulerAnglesHint.x
      value: 0
      objectReference: {fileID: 0}
    - target: {fileID: 6147696656284689325, guid: 36b2f8a4fd0b9ef488b861e35c1ed5af,
        type: 3}
      propertyPath: m_LocalEulerAnglesHint.y
      value: 0
      objectReference: {fileID: 0}
    - target: {fileID: 6147696656284689325, guid: 36b2f8a4fd0b9ef488b861e35c1ed5af,
        type: 3}
      propertyPath: m_LocalEulerAnglesHint.z
      value: 0
      objectReference: {fileID: 0}
    - target: {fileID: 7696159077580818062, guid: 36b2f8a4fd0b9ef488b861e35c1ed5af,
        type: 3}
      propertyPath: m_Name
      value: 0,0
      objectReference: {fileID: 0}
    m_RemovedComponents: []
  m_SourcePrefab: {fileID: 100100000, guid: 36b2f8a4fd0b9ef488b861e35c1ed5af, type: 3}
--- !u!4 &2659001296937753827 stripped
Transform:
  m_CorrespondingSourceObject: {fileID: 6147696656284689325, guid: 36b2f8a4fd0b9ef488b861e35c1ed5af,
    type: 3}
  m_PrefabInstance: {fileID: 2659001296937753824}
  m_PrefabAsset: {fileID: 0}
